2646 3890
1031 228 1471 294 -33-

245 390 485 475 πλῆρες
530 385 728 473 εἶναι,
775 386 851 456 τὸ
893 385 970 455 δὲ
1002 385 1223 455 κενόν.
1286 387 1401 454 καὶ
1442 386 1733 474 στοιχεῖά
1771 405 1938 473 φησι
1973 385 2270 472 κόσμους

245 519 313 562 τε
340 494 411 561 ἐκ
447 494 708 562 τούτων
744 491 1062 581 ἀπείρους
1106 489 1282 560 εἶναι
1325 492 1439 559 καὶ
1476 490 1878 560 διαλύεσθαι
1915 496 2010 571 εἰς
2043 494 2268 560 ταῦτα.

247 605 556 687 γίνεσθαι
572 599 650 669 δὲ
671 595 831 679 τούς
843 597 1139 687 κόσμους
1152 595 1383 678 οὕτως.
1407 600 1735 685 φέρεσθαι
1758 594 1902 665 κατ’
1915 595 2268 693 ἀποτομὴν

243 710 313 775 ἐκ
356 710 474 794 τῆς
517 705 799 793 ἀπείρου
842 704 1056 775 πολλὰ
1101 704 1376 794 σώματα
1419 717 1705 774 παντοῖα
1748 715 1890 783 τοῖς
1935 703 2269 792 σχήμασιν

244 818 338 899 εἰς
372 816 542 902 μέγα
587 813 814 898 κενόν,
859 810 1027 901 ἅπερ
1072 808 1539 900 ἀθροισθέντα
1583 820 1746 899 μίαν
1781 806 2267 898 ἀπεργάζεσθαι
2294 833 2321 875 5

247 923 471 1007 δίνην,
496 917 656 987 καθ’
684 915 772 1005 ἢν
799 916 1357 1008 προσκρούσαντα
1380 917 1494 985 καὶ
1520 919 1964 995 παντοδαπῶς
1988 914 2269 984 κυκλού-

245 1050 413 1110 μενα
476 1028 948 1112 διακρίνεσθαι
1011 1024 1212 1113 χωρὶς
1273 1022 1354 1092 τὰ
1421 1021 1620 1110 ὅμοια
1682 1020 1851 1110 πρὸς
1910 1021 1991 1090 τὰ
2051 1019 2270 1109 ὅμοια.

248 1128 629 1215 ἰσορρόπων
677 1130 753 1198 δὲ
799 1128 913 1199 διὰ
959 1128 1035 1199 τ“ὸ
1081 1134 1344 1216 πλῆθος
1389 1129 1617 1216 μηκέτι
1656 1129 2057 1216 δυναμένων
2092 1152 2268 1217 περι-

243 1236 603 1321 φέρεσθαι,
658 1234 738 1302 τὰ
791 1234 916 1323 μὲν
983 1233 1186 1303 λεπτὰ
1244 1246 1489 1322 χωρεῖν
1556 1239 1652 1314 εἰς
1717 1232 1791 1303 τὸ
1855 1237 1977 1316 ἔξω
2040 1233 2267 1320 κενόν,

247 1339 465 1427 ὥσπερ
522 1341 953 1430 διαττόμενα,
997 1339 1078 1409 τὰ
1134 1340 1211 1409 δὲ
1263 1339 1468 1409 λοιπὰ
1521 1340 1886 1428 συμμένειν
1930 1340 2042 1408 καὶ
2086 1364 2265 1428 περι·
2296 1365 2347 1404 ιο

245 1449 618 1535 πλεκόμενα
663 1447 1213 1533 συγκατατρέχειν
1259 1445 1545 1533 αλληλα,
1582 1448 1692 1514 καὶ
1730 1461 1951 1515 ποιεῖν
1996 1446 2266 1535 πρωτόν

243 1578 306 1619 τι
372 1551 675 1638 σύστημα
742 1553 1186 1638 σφαιροειδές.
1260 1555 1461 1620 τοῦτο
1518 1552 1595 1620 δὲ
1650 1547 1800 1620 οἷον
1868 1549 2084 1639 ὑμένα
2140 1549 2264 1639 ὑφ-

245 1663 586 1744 ίστασθαι,
640 1657 1030 1745 περιέχοντα
1089 1659 1163 1726 έν
1220 1657 1435 1747 ἑαυτῷ
1489 1672 1774 1727 παντοῖα
1819 1657 2120 1744 σωματα,
2168 1683 2268 1725 ων

243 1761 411 1832 κατὰ
453 1764 580 1850 τὴν
626 1766 747 1831 τοῦ
802 1765 1013 1850 μέσου
1065 1761 1446 1852 ἀντέρεισιν
1497 1765 2108 1852 περιδινουμένων,
2164 1769 2267 1831 λε-

242 1868 411 1939 πτὸν
455 1875 775 1958 γίνεσθαι
819 1868 942 1939 τὸν
986 1870 1173 1957 πέριξ
1219 1866 1455 1958 ὑμένα,
1502 1868 1933 1961 συρρεόντων
1977 1867 2083 1937 ἀεὶ
2127 1871 2265 1936 τῶν
2296 1893 2345 1935 15

218 1981 545 2074 ,συνεχῶν
581 1976 723 2045 κατ’
769 1980 1132 2059 ἐπίψαυσιν
1165 1979 1282 2063 τῆς
1321 1980 1545 2063 δίνης,
1580 1977 1693 2043 καὶ
1732 1974 1908 2045 οὕτω
1946 1977 2267 2063 γενέσθαι

240 2082 364 2172 τὴν
400 2086 563 2174 γῆν,
603 2082 1087 2172 συμμενόντων
1131 2086 1268 2151 τῶν
1312 2084 1732 2170 ἐνεχθέντων
1776 2085 1883 2151 ἐπὶ
1927 2080 2003 2151 τὸ
2042 2083 2267 2170 μέσον.

240 2188 450 2259 αὐτόν
504 2216 577 2258 τε
619 2189 825 2257 πάλιν
869 2188 991 2257 τὸν
1036 2190 1431 2275 περιέχοντα
1478 2182 1628 2257 οἷον
1673 2185 1887 2275 ὑμένα
1940 2187 2267 2271 αὔξεσθαι

237 2293 404 2364 κατὰ
445 2294 572 2382 τὴν
621 2294 1050 2383 ἐπικράτησιν
1092 2298 1229 2363 τῶν
1277 2295 1532 2376 ἔξωθεν
1577 2294 1935 2383 σωμάτων,
1993 2298 2149 2383 δίνῃ
2194 2319 2266 2362 τε

240 2400 619 2489 φερόμενον
655 2399 898 2487 αὐτόν,
935 2392 1034 2469 ὧν
1069 2396 1156 2469 ἂν
1195 2399 1563 2490 ἐπιψαύσῃ,
1606 2405 1813 2471 ταῦτα
1851 2402 2265 2469 ἐπικτᾶσθαι.
2292 2425 2348 2465 eo

239 2506 498 2576 τούτων
538 2508 614 2574 δέ
649 2533 804 2575 τινα
841 2505 1349 2596 συμπλεκόμενα
1385 2520 1606 2576 ποιεῖν
1643 2506 1978 2596 σύστημα,
2013 2504 2089 2576 τὸ
2138 2505 2264 2595 μὲν

386 2709 414 2758 1
445 2723 520 2758 κα
564 2722 663 2765 ους
692 2720 727 2758 a.
798 2697 1044 2773 κόσμους
1071 2719 1163 2760 am
1226 2699 1475 2789 κόσμους
1500 2721 1561 2759 τε
1593 2697 1658 2759 ἐκ
1683 2697 2264 2789 τούτωνΑΒίοςοιιοε

240 2774 529 2841 (omneeh
565 2774 724 2829 riW.
726 2778 746 2842 )
764 2772 970 2829 Mfiller
1040 2779 1073 2828 2
1103 2769 1168 2829 ἐκ
1197 2769 1413 2829 τούτων
1442 2790 1550 2830 0111.
1579 2774 1674 2828 Ba
1696 2773 1850 2843 vulg.
1926 2769 2280 2828 διαλύεσθαι

239 2844 293 2898 Α
328 2844 610 2932 Diogenes
655 2843 736 2912 (in
783 2859 819 2897 a
858 2845 1061 2913 paratu
1095 2845 1215 2900 W..
1271 2840 1620 2900 διαδύεσθαι
1664 2843 1711 2898 Β
1762 2792 2104 2901 διαλύεσθαι
2140 2843 2267 2915 FH)

240 2911 589 3004 διαδύεσθαι
623 2912 720 2969 Ba
760 2861 898 2984 ¹715}
1094 2921 1126 2969 3
1153 2934 1347 3002 ‚evveus
1390 2915 1544 2969 ABa.
1576 2915 1728 2986 vulg.
1786 2932 1936 2969 ουτω
1981 2915 2263 2986 Diogenes

240 3002 931 3143 ’ὸῗέςθῖἷζταζὲἷτὲπωι
955 3005 1065 3112 ⁹335.
1135 2981 1644 3142 ἆῗέῗέᾞῖσέἐῖω
1681 3072 1717 3110 a
1750 2984 2264 3113 ἓοῖἔνῖιῗὲῗωΑΒὲ

239 3123 706 3196 προσκρούσαντα
742 3125 794 3178 Α
906 3124 1342 3215 προσκρούοντα
1378 3128 1470 3183 Ba
1512 3128 1664 3198 vulg.
1882 3132 1915 3182 8
1962 3124 2163 3196 μηδέτι
2209 3128 2278 3184 Α..

243 3203 312 3251 13
358 3202 604 3251 παντοῖα
649 3198 803 3252 ABa
850 3197 1131 3267 Diogenes
1238 3195 1430 3253 πάντα
1476 3198 1566 3256 Or.
1787 3204 1853 3253 15
1899 3199 2166 3268 γίνεσθαι
2210 3197 2263 3249 A

237 3267 524 3338 Diogenes
551 3267 633 3337 (m
659 3271 935 3355 apparatu
960 3268 1077 3335 W,·
1114 3269 1384 3339 γίνεσθαι
1410 3270 1464 3324 Η
1533 3268 1812 3340 γενέσθαι
1846 3267 1916 3337 Β)
1987 3265 2265 3337 γενέσθαι

236 3338 334 3393 Ba
367 3338 521 3408 vulg.
666 3346 734 3394 16
771 3358 918 3394 ουτω
955 3338 1062 3410 μὲν
1096 3337 1377 3409 γενέσθαι
1411 3341 1456 3393 F
1493 3342 1575 3409 (in
1610 3357 1738 3411 app.
1777 3338 1890 3407 W.)
2037 3343 2103 3393 19
2142 3334 2263 3394 ὄπι-

238 3405 511 3491 κράτησιν
560 3408 693 3463 libri
728 3426 919 3465 omnes
1028 3406 1332 3480 ἐπέκρυσιν
1377 3409 1656 3480 Diogenes
1768 3405 2049 3477 ἐπίκρισιν
2099 3408 2264 3464 affert

235 3479 556 3550 Menagius,
595 3478 738 3535 coni.
775 3481 1063 3536 Kuehnius

347 3579 625 3621 Ennomus
654 3579 783 3633 Mna„
811 3580 879 3619 e.d
906 3573 1942 3621 1.13·1·oh.3
