2646 3890
315 378 493 473 Ρ.’12
533 385 920 473 (Archytas)
957 387 1326 494 στραγῶν
1352 408 1414 471 p.
1443 385 1854 470 στρατηγῶν,
1884 408 1944 470 Ρ.
1971 385 2051 450 18
2080 380 2345 471 (Demo-

315 475 545 562 critus)
591 482 1152 552 καταναλωκος
1195 497 1259 558 Ρ.
1292 469 1809 558 καταναλωκώς,
1847 470 2344 557 στερραὶτητα

299 570 377 674 p.
449 563 883 651 στερρότητα,
946 587 1007 650 p.
1053 565 1143 629 24
1189 562 1670 651 (Empedocles)
1726 558 2224 642 ἆξιοσάντων
2283 585 2347 645 Ρ.

316 650 781 737 αξιωσάντων,
826 673 890 739 p:
917 654 1004 719 28
1033 648 1464 738 (Heraclitus)
1493 647 1547 716 ὥ
1557 676 1697 737 ρας
1725 653 2036 734 αἰτίους
2069 673 2130 735 Ρ.
2168 646 2347 732 ὥρας

317 743 600 825 ἐτείους,
645 766 710 828 Ρ.
746 743 843 823 34ἱ
878 740 1300 828 (Leucippus)
1346 738 1648 826 κάμους
1692 764 1753 826 Ρ.
1795 736 2113 825 κόσμους,
2158 761 2219 823 Ρ.
2258 740 2347 803 36

318 830 746 918 (Leucippus)
787 830 1143 898 ἐκλίπειν
1188 852 1250 915 Ρ.
1307 829 1663 913 ἐκλείπειν,
1728 852 1790 914 Ρ.
1845 831 1932 895 42
1979 824 2349 914 (Xanthus)

315 921 545 1004 τοῦ-Ρ.
576 916 811 1004 αὐτοῦ,
841 916 1304 1007 (Xenocrates)
1335 918 1699 1002 ἐλευτερί
1703 943 1797 984 αν
1836 941 1895 1000 Ρ.
1926 917 2351 998 ἐλευθερίαν,

314 1033 376 1094 Ρ.
440 1010 530 1075 44
589 1006 965 1095 (Pindarus)
1032 1002 1617 1092 ἄνακεκλιμένα
1684 1030 1746 1092 Ρ.
1806 1003 2348 1090 ἀνακεκλιμένος,

318 1096 566 1185 (Plato)
611 1100 1135 1173 πλατίστατος
1180 1119 1243 1180 Ρ.
1278 1092 1762 1177 πλατύστατος,
1809 1097 2105 1180 χωρίον
2134 1089 2351 1158 Ἑκα-

316 1189 617 1271 θημίας
690 1209 751 1270 Ρ.
799 1210 854 1270 χ.
898 1181 1291 1269 Ἐκαδημία,
1355 1185 1420 1268 Ρ.
1472 1187 1557 1250 46
1626 1183 1871 1271 (Plato)
1928 1179 2347 1271 Κροβύλος

317 1298 379 1360 Ρ.
437 1271 899 1360 Κρωβύλοςῑ),
952 1295 1019 1357 Ρ.
1069 1275 1156 1340 48
1218 1270 1473 1360 (Plato)
1530 1268 2040 1357 ἀπορουμένη
2105 1294 2165 1354 Ρ.
2227 1265 2348 1334 ἀπ-

320 1363 734 1449 ορουμένην,
772 1361 998 1441 λίξον
1034 1385 1095 1447 Ρ.
1132 1364 1365 1447 λίτρον
1406 1360 1665 1446 (λίτρον
1705 1384 1866 1428 corr.
1904 1384 1983 1427 ex
2018 1359 2206 1438 λίξον
2244 1356 2350 1443 Β),

320 1475 381 1537 Ρ.
402 1452 491 1517 50
509 1447 845 1538 (Potamo)
867 1451 1252 1534 ἐφωδίαζε
1279 1473 1345 1534 Ρ.
1373 1449 1729 1534 ἑφωδίασε,
1756 1473 1817 1534 Ρ.
1837 1450 1925 1516 54
1954 1444 2348 1534 (Timolaus)

323 1536 386 1605 δ’
422 1540 828 1625 ἐφθίμους
871 1563 933 1624 Ρ.
971 1534 1035 1602 δ’
1090 1541 1438 1623 ἰφθίμους.
1519 1538 1791 1621 Propter
1827 1539 1998 1603 hanc
2042 1536 2349 1602 vitiorum

323 1630 578 1713 copiam
613 1628 685 1691 in
719 1627 1014 1713 margine
1045 1626 1518 1693 Sambucianae
1557 1627 1815 1711 saepius
1844 1624 2351 1710 praestantiores

320 1718 634 1783 lectiones
683 1716 1047 1800 adscriptae
1106 1720 1259 1781 sunt
1312 1715 1506 1802 (quas
1552 1736 1660 1780 am
1705 1712 2014 1801 signavi),
2078 1734 2350 1799 quarum

320 1807 457 1872 fere
519 1826 741 1870 omnes
787 1803 1120 1870 Hadriano
1168 1804 1356 1870 Iunio
1406 1803 1747 1888 debentur,
1794 1804 1907 1889 qui
1961 1804 2031 1869 in
2077 1802 2351 1886 castiga-

321 1895 614 1961 tionibus
671 1895 804 1960 suis
860 1894 930 1958 in
986 1893 1390 1978 Hesychium
1446 1893 1527 1957 ad
1587 1893 1826 1959 calcem
1882 1891 2352 1968 Sambucianae

323 1985 513 2049 editis
543 1983 620 2048 de
647 1983 728 2047 iis
757 1983 955 2048 verba
982 1983 1152 2048 fecit.
1199 1982 1489 2059 Quarum
1515 1982 1957 2046 nobilissimas
1979 1980 2351 2045 Hadrianus

320 2073 550 2138 Iunius
597 2093 674 2136 ex
731 2071 1015 2136 editione
1063 2070 1411 2135 Laertiana
1456 2070 1799 2135 revocavit.

458 2159 675 2248 Atque
721 2159 913 2224 huius
961 2159 1259 2224 editionis
1307 2156 1777 2223 Sambucianae
1834 2161 2110 2240 textum,
2160 2177 2354 2241 quem

321 2252 418 2315 ita
481 2251 931 2333 comparatum
995 2269 1135 2313 esse
1196 2247 1414 2331 docui,
1474 2268 1697 2313 omnes
1758 2248 2038 2312 editores
2109 2245 2353 2310 creduli

325 2348 517 2422 atque
544 2338 966 2423 neglegentes
996 2336 1078 2401 ad
1104 2336 1376 2401 verbum
1401 2336 1538 2400 fere
1568 2336 2076 2419 descripserunt:
2117 2333 2354 2398 Henri-

324 2449 436 2492 cus
495 2424 861 2508 Stephanus
918 2422 1004 2508 (a.
1065 2424 1236 2489 1594
1292 2428 1359 2488 et
1415 2422 1714 2489 Genevae
1766 2420 1988 2508 1616),
2032 2421 2355 2487 Meursius

328 2512 560 2601 (Lugd.
587 2512 735 2578 Bat.
768 2513 987 2598 1613),
1035 2510 1312 2577 Orellius
1343 2510 1634 2597 (Lipsiae
1678 2508 1899 2597 1820),
1935 2510 2247 2576 Miillerus
2285 2511 2354 2574 in

323 2607 482 2668 tom.
519 2599 616 2666 IV
660 2601 893 2685 fragm.
929 2601 1084 2665 hist.
1123 2599 1411 2684 (Lipsiae
1454 2598 1671 2687 1851),
1719 2622 1993 2687 quorum
2029 2600 2354 2664 neminem

325 2692 517 2755 ullius
603 2690 840 2755 codicis
924 2688 1231 2756 subsidiis
1311 2689 1538 2754 nixum
1630 2711 1772 2754 esse
1865 2689 2165 2754 omnibus
2250 2710 2355 2751 ex-

324 2780 650 2863 ploratum
699 2782 813 2844 est.

459 2866 606 2932 Etsi
650 2867 854 2953 igitur
900 2866 1098 2932 codex
1140 2866 1205 2931 A
1251 2867 1611 2951 scripturae
1656 2866 1950 2932 bonitate
1998 2864 2251 2931 codices
2296 2864 2353 2928 Β

329 2960 397 3022 et
455 2954 971 3021 Sambucianum'
1015 2975 1414 3040 magnopere
1487 2959 1776 3039 superat,
1848 2959 2069 3020 tamen
2141 2954 2355 3019 certae

328 3045 644 3129 quaedam
736 3065 946 3128 neque
1045 3043 1413 3108 levissimae
1506 3044 1910 3128 corruptelae
1993 3043 2189 3109 simul
2284 3042 2356 3104 in

329 3132 630 3198 omnibus
696 3131 881 3196 libris
926 3132 1341 3196 inveniuntur
1348 3182 1367 3217 ,
1421 3135 1497 3196 ut
1552 3154 1629 3197 ex
1682 3154 1813 3197 uno
1870 3133 2028 3218 quin
2082 3129 2354 3196 derivati

330 3222 465 3286 sint
524 3220 875 3304 archetypo
943 3220 1229 3287 dubitari
1281 3224 1578 3304 nequeat.
1682 3219 2068 3286 Potissimas
2136 3220 2354 3281 autem

480 3430 519 3498 ¹)
567 3428 784 3484 Eodem
832 3430 959 3484 loco
1013 3425 1075 3483 ἓν
1115 3424 1233 3484 ἔστι
1282 3429 1520 3500 legitur,
1568 3428 1720 3498 quod
1764 3429 1978 3482 rectum
2016 3428 2126 3493 cst,
2174 3425 2383 3488 solum,

331 3496 450 3555 ἐστι
483 3500 688 3556 vitiose
726 3500 830 3555 AB
867 3500 1157 3570 praebent.
