2646 3890
1055 248 1140 258 -
1232 228 1515 276 vll—-

266 367 710 480 ΔΜεσσήνην
735 368 1017 457 (omnes)
1041 393 1105 480 Ρ.
1124 365 1456 479 Μεσήνην
1513 367 1694 453 VIH,
1717 366 1856 475 73),
1874 390 1936 453 Ρ.
1961 369 2047 435 26
2072 365 2306 454 (Zeno)

273 457 590 526 πάντων
637 457 916 547 (omnes)
963 483 1025 544 p.
1071 452 1343 525 ὑδάτων
1388 458 1414 542 (
1525 454 1736 544 ,29),
1780 453 1871 523 τὰ
1917 480 2041 524 om.
2084 457 2151 523 H
2192 458 2303 524 sed

272 549 345 614 in
388 570 594 636 marg.
641 549 785 614 add.
834 544 975 657 (ΙΧ,
1002 546 1163 633 8),Ρ
1167 547 1296 614 ,28
1341 508 1770 657 (Heraclitus)
1807 542 2104 631 ταύτην
2132 541 2302 614 ὁδόν

143 664 151 671 ·
274 634 562 747 (omnes)
603 660 665 721 p.
699 660 754 702 τ.
792 634 997 702 ουδέν
1037 634 1179 746 (ΙΧ,
1203 634 1295 722 9),
1330 631 1480 702 ὑπὸ
1520 632 1807 745 (omnes)
1843 638 2118 720 utroque
2154 636 2300 702 loco

271 748 334 810 Ρ.
380 721 510 791 ἀπὸ
558 724 700 810 (ΙΧ,
737 724 836 810 9),
871 724 1013 792 τοῦ
1046 719 1280 808 ἡλίου
1317 721 1603 832 (omnes)
1649 746 1711 808 Ρ.
1747 718 1946 807 ἡλίου
1983 722 2324 832 (ΙΧ,11),,

272 836 333 898 p.
381 815 469 881 30
528 810 955 899 (Heraclitus)
1016 811 1413 899 λαμπρότε
1554 811 1839 900 (omnes)
1899 836 1963 899 p.
2007 809 2303 897 λαμπρό-

269 902 639 1078 {frag}
655 900 1378 1076 <rassermis
1393 836 1721 1070 .ἒῇῑῆ
1741 898 2304 1076 mm?

269 1077 382 1144 καὶ
430 1079 702 1159 κλέψειν
739 1102 809 1146 τε
847 1079 955 1188 (X,
993 1077 1128 1163 99),
1164 1102 1227 1165 Ρ.
1263 1017 1354 1145 {2
1402 1076 1691 1165 (Grates)
1739 1012 2304 1188 ἐκοινωνείτηῖν

271 1164 394 1254 (Η)
452 1191 514 1253 p.
567 1165 996 1253 κοινωνήτην
1052 1166 1197 1254 (IV,
1251 1166 1395 1252 21),
1452 1164 1789 1255 (Crantor)
1849 1170 1982 1251 οἴμ
1993 1190 2069 1232 οι
2113 1169 2194 1232 τί
2234 1161 2298 1232 δ’

274 1262 494 1341 οἶμοι
542 1253 825 1342 (omnes)
861 1279 921 1341 p.
960 1262 1173 1340 οἴμοι,
1209 1259 1282 1322 τί
1312 1257 1480 1341 δῆτα
1530 1253 1673 1342 (IV,
1710 1253 1846 1341 26),
1890 1277 1953 1339 Ρ.
1935 1191 2078 1320 μ34
2113 1254 2304 1337 (Leu-

272 1341 534 1452 cippus)
580 1343 971 1429 φέρεσθαι
1018 1341 1302 1431 (omnes)
1339 1368 1401 1430 p.
1447 1346 1816 1453 φαίνεσθαι
1859 1341 2004 1431 (ΙΧ,
2040 1342 2175 1428 31),
2223 1343 2304 1410 ἐκ

268 1455 578 1498 τουτων
621 1433 766 1499 add.
817 1455 1039 1499 omnes
1085 1431 1228 1519 (ΙΧ,
1273 1431 1419 1520 31),
1466 1429 1945 1499 διαλύεσθαι
2002 1430 2186 1519 (FH)
2240 1455 2303 1517 p.

275 1518 681 1587 διαδύεσθαι
755 1521 870 1606 ΙΧ,
906 1520 1050 1609 31),
1096 1524 1477 1605 γίνεσθαι
1524 1518 1649 1608 (Η)
1695 1544 1756 1606 Ρ.
1793 1519 2113 1605 γενέσθαι
2158 1520 2303 1604 (ΙΧ,

275 1608 411 1693 32),
455 1632 517 1693 Ρ.
557 1610 642 1674 36
774 1611 915 1676 euci
916 1609 1112 1716 ppus)
1156 1611 1518 1694 πηλῶδες
1555 1609 1919 1717 (omnes)p
1923 1609 2304 1687 ,σπιλῶδες

275 1695 418 1805 (ΙΧ,
457 1696 600 1784 32),
636 1694 775 1763 τὸν
820 1695 965 1784 μὲν
1011 1691 1246 1783 ἥλιον
1283 1697 1368 1784 (F
1378 1697 1561 1785 B)p.
1597 1693 1719 1763 τὸν
1756 1632 1952 1780 ἥλιον
1991 1695 2143 1783 (ΙΧ,
2170 1697 2305 1782 33),

274 1782 648 1871 ψήφισμα
679 1785 963 1895 (omnes)
990 1809 1053 1896 p.
1079 1789 1478 1872 ψηφίσματα
1506 1785 1618 1870 (Π,
1606 1785 1896 1940 Η125),Ρ
1901 1786 2028 1851 ‚40
2056 1784 2303 1895 (Mene-

272 1874 527 1983 demus)
574 1872 969 1961 λαχάνιον
1009 1868 1050 1961 ἢ
1088 1878 1455 1960 ταρίχιον
1504 1871 1672 1963 (VH
1684 1874 1771 1963 G)
1818 1897 1880 1960 Ρ.
1916 1870 2215 1985 λάχανον
2261 1868 2303 1959 ἢ

84 1974 93 1984 “
202 2023 209 2032 ,
272 1961 551 2049 τάριχον
614 1962 730 2050 (Π,
799 1964 975 2050 139),
1038 1966 1192 2031 τῶν
1260 1961 1528 2049 ὡρίων
1595 1961 1880 2051 (omnes)
1952 1986 2016 2047 Ρ.
2080 1958 2306 2049 ὡρίων

275 2048 607 2138 (Π,139),
631 2076 697 2140 Ρ.
718 2054 808 2119 44
833 2016 1081 2140 (Plato)
1105 2051 1445 2131 τέττιξιν
1468 2058 1536 2119 et
1555 2046 1900 2137 Ἐκαδημ
1912 2054 1989 2115 ία
2016 2049 2303 2161 (omnes)

363 2138 571 2219 τέττιξ
610 2146 677 2207 et
702 2136 948 2226 Ἑκαδη
950 2144 1105 2226 μίας
1141 2139 1296 2225 (ΙΠ,
1325 2139 1460 2227 27),
1486 2164 1547 2258 Ρ.
1579 2142 1667 2208 48
1704 2138 1952 2226 (Plato)
1985 2139 2276 2206 δέσποτ

273 2164 537 2382 (ΞΒΗΟ)
582 2252 645 2314 Ρ.
692 2229 980 2296 δέσποτα
1025 2228 1171 2316 (ΙΠ,
1217 2194 1353 2317 27).

408 2315 715 2384 Fortasse
741 2340 916 2384 nunc
955 2318 1190 2403 aliquis
1218 2318 1577 2400 crediderit,
1605 2317 1848 2383 Rufum
1876 2318 2304 2401 antiquiorem

274 2405 563 2471 codicem
596 2406 1108 2472 Laurentianum
1146 2406 1315 2490 LIX,
1346 2407 1452 2489 37,
1488 2407 1600 2491 qui
1633 2407 1827 2472 nobis
1866 2409 2159 2471 servatus
2189 2409 2306 2489 est,

275 2494 697 2578 descripsisse
725 2496 1197 2580 innumeraque
1231 2494 1468 2560 menda
1505 2495 1642 2561 eius
1680 2493 1992 2560 adhibitis
2020 2494 2303 2560 meliori-

275 2582 398 2647 bus
444 2582 689 2648 Laertii
730 2583 1049 2669 Diogenis
1095 2583 1282 2649 libris
1331 2584 1699 2650 correxisse.
1773 2582 1960 2660 Quod
2004 2582 2149 2648 ideo
2195 2585 2305 2648 vix

274 2671 612 2754 probabile
665 2672 949 2757 videtur,
1003 2672 1174 2757 quod
1227 2672 1559 2756 exemplar
1601 2671 1956 2737 Rufianum
2002 2672 2303 2739 omnibus
2432 2744 2437 2749 ,

274 2760 348 2822 in
391 2760 552 2825 locis
599 2782 832 2826 sanum
878 2764 1005 2845 est,
1051 2761 1283 2846 quibus
1311 2761 1615 2826 mutilum
1652 2782 1791 2826 esse
1820 2761 2096 2825 alterum
2132 2759 2302 2826 Lau-

272 2847 648 2914 rentianum
693 2852 991 2933 apertum
1038 2853 1168 2933 est,
1216 2850 1348 2914 nisi
1402 2849 1572 2915 forte
1616 2848 1860 2914 Rufum
1906 2870 2045 2915 non
2090 2849 2302 2914 solum

272 2956 529 3022 quaque
565 2936 638 3001 in
670 2938 915 3041 pagina
948 2938 1148 3003 immo
1185 2959 1341 3004 vero
1382 2959 1633 3024 quaque
1670 2938 1743 3002 in
1776 2938 2017 3003 lineola
2050 2940 2303 3002 textum

277 3046 469 3090 suum
528 3025 610 3091 ad
667 3026 873 3111 ipsius
935 3025 1251 3113 Diogenis
1315 3026 1601 3092 codicem
1664 3026 2029 3092 instituisse
2098 3026 2304 3110 suspi-

272 3135 524 3179 camur:
582 3114 650 3179 id
708 3115 882 3199 quod
939 3114 1477 3181 absurdissimum
1542 3118 1661 3181 est.
1755 3114 1945 3193 Quod
2004 3115 2062 3179 si
2127 3116 2302 3178 recte

277 3191 475 3267 nobis
513 3203 880 3287 expositum
909 3206 1037 3288 est,
1070 3205 1419 3270 nonnullas
1468 3225 1722 3290 quoque
1769 3204 1930 3268 alias
1977 3202 2304 3284 lectiones,

273 3311 437 3374 quas
481 3289 691 3356 Rufus
738 3292 915 3358 solus
962 3296 1254 3376 praestat
1299 3313 1598 3378 quasque
1642 3290 2031 3356 coniecturis
2082 3252 2305 3355 deberi

275 3378 413 3443 veri
448 3378 951 3446 dissimillimum
988 3384 1117 3465 est,
1154 3381 1294 3446 ab
1273 3402 1419 3465 ipso
1458 3379 1675 3446 codice
1709 3377 2128 3461 Hesychiano
2155 3399 2303 3462 pro-

273 3465 481 3531 fectas
528 3489 669 3533 esse
706 3472 945 3554 statuo,
980 3468 1160 3535 velut
1193 3492 1256 3554 p.
1296 3470 1336 3534 8
1378 3465 1794 3552 (Aeschines)
1833 3466 2304 3549 βασιλεῦσιν
