2646 3890
1082 244 1597 329 -37-‚

283 413 427 480 τοῖς
488 398 826 488 σατύροις,
892 399 1209 491 Αἰσχύλῳ
1275 399 1353 469 δὲ
1424 398 1500 468 τὸ
1565 413 1895 488 πρωτεῖον
1968 396 2312 468 ἀπεδίδου.

285 505 450 596 πρὸς
539 510 715 593 γοῦν
791 504 952 586 τοὺς
1042 504 1754 592 ἀντιπολιτευομένους
1829 508 2057 594 ,ταῦτα
2151 529 2312 590 προ-

285 615 586 702 εφέρετο·

552 734 838 825 ἡλίσκετ’
889 729 1021 823 ἀρα
1064 738 1178 804 καὶ
1223 734 1390 825 πρὸς
1433 733 1750 804 ἀσθενῶν
1798 735 2033 823 ταχύς,

550 842 661 910 καὶ
706 840 874 928 πρὸς
917 834 1212 931 χελώνης
1257 840 1450 923 ἀετὸς
1491 848 1731 930 βραχεῖ
1770 841 2011 933 χρόνῳ.
2341 861 2368 902 5

281 987 488 1052 ταῦτα
554 986 634 1052 δέ
695 986 875 1053 ἐστιν
933 983 1201 1072 Ἀχαιοῦ
1256 987 1328 1053 ἐκ
1381 988 1499 1071 τῆς
1554 986 1913 1072 σατυρικῆς
1960 981 2314 1071 Ὀμφάλης.

285 1087 453 1157 ὥστε
498 1097 984 1176 προπταίουσιν
1023 1094 1095 1159 οἰ
1134 1092 1474 1178 λέγοντες,
1521 1087 1732 1160 αὐτὸν
1771 1090 1985 1178 μηδὲν
2021 1087 2314 1177 ἀνεγνω-

283 1196 472 1264 κέναι
501 1190 685 1284 πλὴν
703 1202 820 1284 τῆς
838 1194 1220 1285 Εὐριπίδου
1248 1201 1573 1285 Μηδείας.
1621 1202 1989 1265 Στίλπωνα
2017 1198 2312 1265 ἐπαινῶν

282 1299 446 1370 ἄλλο
492 1301 615 1390 μὲν
656 1302 858 1372 οὐδὲν
897 1301 1067 1389 εἶπε,
1104 1302 1280 1390 πλὴν
1320 1302 1423 1372 ὅτι
1461 1304 1865 1390 ἐλευθέριος.
1940 1305 2015 1370 ἐν
2054 1301 2130 1369 δὲ
2164 1316 2310 1382 ταῖς

285 1407 632 1495 ζητήσεσιν
671 1399 803 1477 ὧδε
837 1409 1122 1497 μάχιμος
1155 1401 1266 1497 ἦν,
1304 1407 1477 1478 ὥσθ’
1518 1407 1792 1477 ὑπώπια
1831 1411 2058 1497 φέρων
2096 1405 2311 1498 ἀπῄει.
2341 1430 2394 1471 10

287 1511 461 1581 οὕτω
519 1514 596 1582 δὲ
648 1508 823 1600 ἦσαν
878 1505 1076 1594 οὗτος
1140 1517 1252 1583 καὶ
1314 1513 1802 1601 Ἀσκληπιάδης
1857 1520 2079 1601 φίλοι,
2146 1512 2314 1584 ὥστε

279 1616 746 1707 Ἀρχεπόλιδος
793 1627 1160 1709 τρισχιλίας
1219 1617 1449 1701 αὐτοῖς
1509 1619 2039 1707 διαγράψαντος,
2095 1640 2314 1710 στηρι-
2395 1635 2404 1641 ’

286 1727 606 1812 ζομένους
641 1728 791 1815 περὶ
816 1732 940 1796 τοῦ
974 1733 1079 1807 τίς
1106 1726 1418 1814 δεύτερος
1445 1725 1621 1813 ἀρεῖ,
1649 1727 2024 1815 μηδέτερον
2063 1733 2313 1815 λαβεῖν.

285 1836 540 1918 ἔγημαν
587 1832 664 1901 δὲ
707 1848 1061 1921 γυναῖκας,
1103 1831 1586 1921 Ἀσκληπιάδης
1621 1832 1749 1921 μὲν
1784 1832 1910 1920 τὴν
1946 1835 2313 1921 θυγατέρα,

285 1936 410 2025 τὴν
475 1937 551 2006 δὲ
607 1942 858 2027 μητέρα
918 1942 1354 2029 Μενέδημος,
1401 1937 1692 2027 κάπειδὴ
1768 1939 2148 2026 τελευτήσοι
2219 1944 2311 2033 τῷ
2344 1960 2395 2001 1⁵

280 2042 727 2135 Ἀσκληπιάδῃ
789 2046 864 2116 τὸ
929 2049 1249 2133 γύναιον,
1311 2052 1507 2133 ἔλαβε
1559 2045 1636 2116 τὸ
1697 2050 1820 2115 τοῦ
1880 2046 2313 2135 Μενεδήμου,

287 2150 541 2231 ἐκεῖνός
592 2177 661 2219 τε
717 2143 834 2239 αὖ,
890 2152 1118 2239 ἐπειδὴ
1172 2151 1472 2239 προῦστη
1526 2156 1646 2239 τῆς
1700 2156 2065 2237 πολιτείας,
2111 2160 2312 2221 πλου-

289 2261 445 2324 σίαν
476 2261 745 2346 ἔγημεν·
793 2257 1105 2347 ἐπέτρεψε
1140 2260 1371 2346 μέντοι
1411 2257 1537 2346 τὴν
1574 2262 1691 2345 τῆς
1728 2261 1940 2336 οἰκίας
1977 2260 2313 2344 διοίκησιν

286 2366 368 2450 τῇ
412 2365 703 2454 προτέρᾳ
748 2369 1034 2449 γυναικί.
1115 2362 1197 2430 τά
1248 2364 1323 2432 δὲ
1367 2364 1703 2454 συμπόσια
1756 2361 1968 2440 οὕτως
2012 2363 2311 2433 ἐποιεῖτο.

285 2473 657 2556 προηρίστα
701 2468 860 2553 μετὰ
907 2472 1105 2536 δυοῖν
1157 2464 1199 2555 ἢ
1245 2473 1489 2559 τριῶν,
1538 2471 1604 2550 ἐς
1651 2466 1687 2537 ὃ
1733 2468 2037 2556 βραδέως
2070 2460 2158 2556 ἦν
2195 2474 2313 2557 τῆς
2341 2493 2395 2533 20

284 2571 563 2661 ἡμέρας,
622 2573 844 2643 ἔπειτά
888 2599 1003 2654 ,τις
1058 2573 1279 2643 ἐκάλει
1335 2573 1493 2655 τοὺς
1554 2573 2143 2661 παραγενομένους
2198 2578 2311 2644 καὶ

284 2677 530 2760 αὐτοὺς
565 2678 697 2767 ήδη
737 2671 1284 2767 δεδειπνηκότας,
1322 2678 1523 2767 ὥστε,
1561 2690 1630 2749 εἴ
1666 2707 1766 2760 τις
1802 2685 1996 2748 ἔλθοι
2032 2686 2311 2769 θᾶττον,

428 2862 461 2911 2
516 2855 866 2928 προεφέρετο
931 2857 1082 2912 ABa
1143 2857 1296 2928 vulg.
1370 2855 1690 2929 προφέρετο
1750 2857 1842 2912 Or.
1926 2858 2309 2931 προσεφέρετο

282 2927 613 2984 Huebnerus
677 2926 1026 2998 προεφέρετο
1055 2929 1197 2985 coni.
1214 2927 1576 2984 Casaubonus
1686 2935 1721 2983 4
1750 2928 1831 2984 cf.
1860 2930 2080 2988 Nauck.
2108 2931 2307 3001 fragm.

282 3002 427 3069 trag.
465 3016 522 3069 p.
561 3003 665 3053 585
773 3005 806 3053 5
834 2996 1081 3069 χελώνας
1119 3003 1168 3055 A
1280 3007 1309 3054 7
1348 3002 1646 3055 πταίουσιν
1689 2999 1971 3071 Diogenes
2079 3007 2114 3056 8
2148 3004 2310 3056 Στίλ-

283 3089 480 3125 πνωνα
500 3070 594 3123 Ba.
677 3076 743 3125 10
762 3065 908 3125 ὅσθ’
941 3066 1171 3125 ὑπώπια
1197 3072 1248 3125 A
1322 3067 1399 3133 ὥς
1434 3065 1653 3126 ὑπόπια
1681 3071 1775 3126 Ba
1847 3067 1921 3134 ὥς
1958 3067 2191 3126 ὑπώπια
2218 3088 2311 3124 am

283 3136 460 3212 ἀπῄει
484 3139 619 3195 libri
646 3141 1120 3212 omnes‚itsmque
1140 3142 1467 3198 Huebnerus
1534 3137 1707 3214 ὑπῄει
1732 3141 1973 3198 Cobetus
2049 3148 2114 3196 12
2137 3137 2309 3209 ἐριζο-

285 3210 492 3281 μένους
534 3211 847 3282 Diogenem
891 3212 1178 3283 scripsisse
1226 3213 1539 3281 suspicatus
1587 3214 1676 3269 est
1719 3213 1909 3267 Iunius
1925 3257 1939 3281 ‚
1985 3213 2046 3267 in
2092 3213 2310 3266 textum

284 3299 394 3339 ree.
441 3283 736 3352 Menagius
846 3289 914 3338 18
951 3281 1090 3354 ἀρεῖ
1124 3283 1257 3338 libri
1330 3281 1403 3351 ἄρ
1485 3283 1767 3354 Diogenes
1877 3290 1945 3338 15
1989 3278 2310 3350 τελευτήσω

285 3353 438 3408 ABa
509 3350 838 3421 τελευτήσαι
857 3353 947 3411 Or.
1024 3350 1349 3424 ἐτελεύτησε
1370 3303 1702 3410 Ηηιιθοιιθῃιε
1715 3353 1921 3408 ΜῦΙΙθι·
1982 3354 2310 3422 τελευτῆσαι

286 3421 529 3480 Cobetus
640 3430 707 3479 19
737 3440 850 3494 seq.
880 3425 1035 3480 Haeo
1063 3425 1356 3493 aliquanto
1384 3425 1604 3495 plenius
1630 3425 1893 3494 leguntur
1921 3423 2073 3493 apud
2102 3424 2306 3481 Athen.

283 3495 351 3564 X,
388 3512 443 3564 p.
483 3501 587 3549 519
626 3511 738 3563 seq.
851 3501 920 3550 20
959 3491 1017 3558 ἐς
1055 3489 1086 3550 ὃ
1125 3494 1277 3551 ABa
1312 3497 1467 3566 vulg.
1546 3492 1651 3556 ἕως
1687 3511 1778 3549 am
1816 3494 2095 3563 Diogenes
