2646 3890
1073 223 1498 303 ...ΧΙ-

220 411 226 418 ·
280 398 647 482 dubitabat,
702 397 815 483 qui
871 401 935 462 et
988 395 1162 463 Suid.
1210 399 1408 483 praef.
1464 422 1525 484 p.
1571 397 1688 464 LV
1742 402 1810 463 et
1867 396 2093 463 multis
2162 397 2305 462 aliis

280 487 581 552 editionis
629 507 783 551 suae
829 485 991 551 locis
1039 484 1304 552 Suidam
1351 488 1563 553 nostri
1609 487 1921 572 Hesychii
1981 486 2309 570 epitomen

279 576 346 640 in
392 575 692 640 manibus
737 574 1046 641 habuisse
1101 576 1561 641 arbitrabatur.
1645 575 1853 652 Quam
1914 574 2307 640 sententiam

280 664 527 748 primus
588 663 900 728 refutavit
957 663 1266 729 Lehrsius
1328 667 1523 749 atque
1585 664 1967 749 scriptorem
2009 666 2307 729 nostrum

281 753 502 818 omnia
539 775 618 818 ex
645 752 963 837 Diogenis
992 750 1238 817 Laertii
1274 756 1341 817 et
1368 751 1606 819 Suidae
1646 753 1928 818 sacrario
1956 752 2309 837 protulisse

278 846 425 907 tam>
454 841 645 906 certis
683 841 877 906 evicit
915 842 1349 926 argumentis,
1384 846 1460 907 ut
1495 842 1618 907 viri
1667 841 1842 907 docti
1887 860 2034 906 cum
2080 839 2311 925 reliqui

278 934 420 994 tum
481 929 1046 1014 Wachsmuthius,
1105 929 1171 995 N
1172 929 1543 1013 ietzschius,
1589 929 1884 995 Daubius
1947 930 2018 995 in
2075 929 2308 994 disser-

277 1019 526 1083 tatione
599 1018 676 1082 de
751 1016 984 1083 Suidae
1057 1018 1636 1104 biographicorum'
1718 1019 1971 1104 origine
2001 1036 2020 1047 ‘
2047 1020 2115 1081 et
2184 1016 2311 1081 fide

283 1106 570 1194 (Lipsiae
614 1105 837 1192 1880),
891 1106 972 1172 ad
1018 1130 1219 1172 unum
1266 1109 1326 1172 ei
1373 1108 1846 1173 assentirentur
1889 1104 1998 1191 (cf.
2045 1104 2311 1170 Pindar-
2345 1182 2357 1192 ·

282 1196 570 1261 scholien
589 1218 650 1279 p.
675 1195 849 1281 158).
895 1193 1305 1261 Nietzschius
1326 1200 1543 1261 autem
1561 1196 1632 1260 in
1650 1195 1818 1260 Mus.
1834 1193 2051 1259 Rhen,
2071 1192 2312 1277 XXIV,

281 1307 344 1370 p.
390 1284 521 1349 212
575 1287 821 1371 temere
877 1284 1234 1368 contendit,
1282 1285 1496 1370 ipsum
1536 1282 2012 1350 Christoferum
2048 1282 2313 1365 Rufum,

283 1373 397 1457 qui
415 1372 701 1437 codicem
721 1373 1237 1438 recentissimum
1267 1373 1673 1457 conscripsit,
1692 1372 1988 1437 libellum
2010 1375 2311 1436 nostrum

283 1461 716 1545 elucubrasse,
761 1461 857 1525 nil
903 1483 1137 1526 curans
1186 1483 1297 1526 eos
1345 1460 1625 1545 codices,
1673 1461 1785 1544 qui
1828 1459 1981 1526 Rufi
2029 1463 2310 1524 aetatem

281 1570 413 1614 uno
455 1549 591 1613 fere
638 1549 852 1614 seculo
902 1554 1242 1634 superent,
1288 1549 1401 1614 sed
1447 1549 1762 1614 adductus
1807 1548 2013 1632 ipsius
2056 1547 2312 1611 Lehrsii

284 1637 667 1704 auctoritate
680 1688 697 1717 ,
754 1638 1050 1720 quamvis
1105 1636 1482 1702 dubitanter
1536 1637 1614 1702 de
1670 1659 1747 1701 ea
1800 1658 1870 1702 re
1917 1635 2313 1718 disserentis,

284 1728 394 1813 qui
452 1726 854 1791 renascentis
928 1725 1341 1810 antiquitatis
1412 1725 1610 1791 studii
1683 1728 1896 1790 aetate
1958 1727 2311 1790 tractatum

171 1821 179 1824 ⁷
281 1817 466 1880 illum
528 1817 745 1881 ortum
809 1836 952 1880 esse
1017 1815 1381 1899 suspicatus
1452 1819 1611 1880 erat.
1707 1813 1885 1890 Quae
1957 1811 2315 1878 Nietzschii

285 1904 607 1970 sententia
652 1924 920 1989 prorsus
966 1903 1377 1988 reprobanda
1414 1907 1530 1969 est.
1626 1901 1855 1988 Neque
1891 1902 2066 1967 enim
2101 1901 2312 1967 Rufus

284 1997 510 2058 auctor
543 1992 751 2057 libelli
787 1991 1113 2058 subditicii
1148 1993 1480 2076 putandus
1518 1997 1635 2076 est,
1674 2014 1821 2057 cum
1858 1992 1999 2075 ipse
2040 1991 2313 2055 alterum

284 2103 354 2145 se
400 2081 641 2146 librum
677 2081 1093 2165 descripsisse
1141 2080 1597 2163 affirmaverit,
1626 2101 1835 2164 neque
1871 2080 1956 2162 is,
1996 2080 2108 2165 qui
2146 2079 2311 2142 anti·

283 2170 575 2254 quiorem
621 2169 909 2235 codicem
946 2163 1396 2235 Florentinum
1443 2169 1726 2253 scripsit,
1772 2168 1887 2233 sed
1946 2189 2313 2252 anonymus

281 2259 518 2343 aliquis
549 2258 790 2323 saeculi
804 2257 901 2322 XI
925 2259 1028 2323 vel
1052 2257 1198 2341 XII,
1228 2258 1410 2323 cuius
1434 2258 1751 2342 temporis
1779 2261 1980 2322 notae
2007 2256 2314 2321 literaeve

284 2348 455 2411 male
498 2347 868 2411 intellectae
904 2367 1332 2431 perverseque
1361 2351 1705 2430 expressae
1734 2365 1878 2410 cum
1907 2346 1979 2409 in
2008 2345 2311 2411 omnibus

283 2434 594 2519 Hesychii
664 2435 850 2499 libris
939 2438 1165 2499 extant
1245 2439 1387 2500 tum
1461 2435 1532 2499 in
1601 2433 1818 2498 codice
1882 2433 2146 2518 mutiIO,
2202 2433 2314 2517 qui

285 2522 558 2588 Parisiis
617 2527 909 2587 servatur
964 2521 1289 2608 (inprimis
1337 2547 1382 2588 v
1426 2543 1545 2607 pro
1593 2523 1668 2604 β,
1715 2522 1893 2586 velut
1938 2516 2315 2607 Λύὃερίτης

282 2633 401 2696 pro
453 2606 864 2695 Ἀβδερίτης,
916 2607 1285 2696 ’ἐθεράπεβε
1349 2632 1411 2695 p.
1471 2606 1869 2695 ἐθεράπευε,
1922 2610 2313 2696 πρεσυέβων

282 2722 345 2785 p.
390 2696 786 2784 πρεσβεύων
829 2696 959 2787 aL).
1041 2701 1255 2788 Atque
1299 2700 1358 2764 is
1406 2698 1664 2785 quidem
1701 2699 2085 2781 opusculum
2122 2709 2312 2763 suum

284 2788 587 2874 confecit,
646 2792 990 2873 postquam
1052 2790 1337 2874 genuina
1396 2787 1711 2871 Hesychii
1781 2787 2089 2871 epitome,
2152 2808 2313 2872 quae

285 2875 523 2941 Suidae
589 2875 1045 2962 Eudociaeque
1115 2881 1373 2961 praesto
1449 2879 1589 2941 erat
1649 2897 1938 2960 quaeque
2004 2875 2314 2959 Zonarae,

284 2966 501 3032 Alexii
564 2966 876 3051 aequalis,
942 2969 1237 3049 tempore
1300 2966 1433 3030 iam
1493 2964 2008 3048 desiderabatur,
2072 2966 2312 3029 amissa

285 3058 410 3137 est,
451 3054 519 3118 id
561 3054 733 3139 quod
769 3054 941 3119 inter
966 3053 1292 3119 Eudociae
1320 3057 1387 3118 et
1414 3052 1706 3118 Zonarae
1743 3056 2041 3137 tempora
2064 3052 2314 3116 factum

286 3163 426 3207 esse
481 3143 846 3229 nuperrime
903 3141 1152 3207 conieci
1207 3140 1624 3225 (Untersuch.
1678 3164 1741 3225 p.
1796 3142 1913 3227 933
1980 3140 2059 3206 cf.
2116 3140 2313 3203 etiam

288 3253 454 3316 quae
511 3233 584 3296 in
638 3230 804 3296 Mus.
864 3229 1067 3296 Rhen.
1123 3229 1378 3295 XXXV
1430 3253 1491 3315 p.
1548 3229 1678 3295 228
1728 3251 1858 3314 seq.
1915 3226 2093 3314 dixi).
2175 3225 2313 3291 Nec

289 3320 503 3384 minus
543 3323 825 3403 constat,
860 3341 992 3384 non
1029 3319 1245 3404 ipsum
1291 3339 1690 3403 anonymum
1723 3316 2038 3400 Hesychii
2074 3314 2324 3390 Milesii

288 3421 523 3473 nomen
549 3408 918 3492 famamque
943 3409 1245 3492 iactasse,
1273 3407 1387 3473 sed
1404 3407 1681 3472 lectores
1703 3405 1893 3468 rudes
1914 3407 1981 3468 et
1998 3403 2313 3484 indoctos,

291 3516 434 3559 cum
492 3496 786 3561 libellum
847 3495 1076 3585 titulo·
1120 3498 1449 3561 carentem
1518 3492 1963 3569 offendissent,
2029 3490 2314 3579 auctoris
