2646 3890
338 381 502 464 ἔφη,
563 372 895 444 κάκείνων
963 375 1309 462 ἐπιμελοῦ,
1376 373 1464 462 μὴ
1532 380 1755 465 συμβῇ
1821 395 1928 445 σοι
1992 377 2103 445 καὶ
2160 379 2370 445 ταῦτα

343 487 741 570 διαφθεῖραι
794 484 905 550 καὶ
951 480 1219 570 κομψὸν
1268 481 1547 569 ἰδιώτην
1594 480 1978 568 ἀποβαλεῖν.
2048 481 2214 570 πρὸς
2249 481 2373 551 τὸν

338 588 618 658 εἰπόντα
659 587 875 659 πολλὰ
913 587 994 659 τὰ
1024 587 1287 681 ἀγαθά,
1325 588 1639 675 ἐπύθετο,
1678 588 1855 659 πόσα
1888 587 2010 658 τὸν
2047 585 2370 677 ἀριθμόν,

341 697 454 765 καὶ
500 701 563 765 εἰ
604 702 864 785 νομίζοι
910 701 1115 765 πλείω
1159 699 1295 765 τῶν
1343 696 1599 766 ἑκατόν.
1671 689 1759 783 ἦν
1797 696 1874 765 δὲ
1918 696 2029 764 καὶ
2075 698 2373 783 ἐκκλίτης

282 822 310 863 ⁵
341 804 454 872 καὶ
506 802 588 872 τὰ
643 806 761 891 τῆς
814 806 1064 891 σχολῆς
1119 799 1520 890 ἀδιάφορος·
1586 801 1741 873 οὔτε
1794 801 1923 892 γὰρ
1977 801 2165 885 τάξιν
2218 800 2372 870 τινὰ

337 900 430 996 ἦν
491 907 647 999 παρ’
699 907 877 1002 αὐτῷ
948 911 1254 996 βλέπειν,
1310 908 1465 978 οὔτε
1522 909 1753 1000 βάθρα
1796 911 2017 1002 κύκλῳ
2065 912 2369 995 διέκειτο,

337 1013 485 1084 ἀλλ’
552 1006 635 1084 οὗ
699 1011 786 1083 ἄν
856 1018 1128 1097 ἕκαστος
1192 1021 1380 1104 ἔτυχε
1433 1021 1815 1104 περιπατῶν
1868 1013 1910 1105 ἢ
1965 1015 2369 1104 καθήμενος,

338 1120 545 1207 ἤκουε
625 1124 736 1191 καὶ
802 1119 1013 1193 αὐτοῦ
1079 1126 1323 1192 τοῦτον
1400 1122 1520 1193 τὸν
1594 1124 1847 1213 τρόπον
1926 1124 2407 1208 διακειμένου·

276 1232 285 1241 ’
342 1224 692 1316 Κράτητος
738 1228 820 1297 δέ
859 1253 1022 1298 ποτε
1066 1231 1582 1319 περιισταμένου
1627 1229 1834 1300 αὐτὸν
1879 1232 1991 1298 καὶ
2036 1239 2368 1297 καθαπτο-

258 1356 311 1395 10
339 1334 552 1418 μένου
605 1339 702 1414 εἰς
754 1335 828 1403 τὸ
888 1334 994 1405 ὅτι
1049 1335 1494 1422 πολιτεύεται,
1557 1338 1864 1406 ἐκέλευσέ
1911 1358 2088 1405 τισιν
2143 1339 2241 1414 εἰς
2291 1332 2367 1402 τὸ

339 1439 798 1528 δεσμωτήριον
864 1443 1176 1530 ἐμβαλεῖν
1241 1440 1482 1527 αὐτόν,
1554 1442 1676 1511 τὸν
1743 1441 1819 1510 δὲ
1881 1440 2093 1529 μηδὲν
2165 1431 2367 1527 ἦττον

336 1560 566 1634 τηρεῖν
611 1547 973 1634 παριόντα,
1017 1549 1129 1617 καὶ
1173 1545 1644 1617 ὑποκύπτοντα
1683 1546 2246 1637 Ἀγαμεμνόνειόν
2299 1571 2371 1614 τε

336 1654 450 1721 καὶ
503 1650 941 1740 Ἡγησίπολιν
1004 1652 1385 1723 ἀποκαλεῖν.
1484 1647 1574 1741 ἦν
1638 1657 1719 1723 δέ
1776 1679 1913 1735 πως
1983 1652 2197 1741 ἠρέμα
2259 1653 2371 1720 καὶ

341 1760 1056 1845 δεισιδαιμονέστερος.
1130 1758 1261 1827 σὺν
1290 1758 1739 1848 Ἀσκληπιάδῃ
1785 1764 1956 1844 γοῦν
2001 1784 2160 1827 ποτε
2204 1756 2370 1826 κατὰ

260 1884 313 1926 15
339 1862 627 1952 ἄγνοιαν
683 1864 758 1931 ἐν
811 1867 1191 1955 πανδοκείῳ
1245 1863 1545 1951 κρεάτων
1592 1866 2058 1954 ῥιπτουμένων
2105 1862 2368 1960 φαγών,

340 1971 481 2040 ἐπεὶ
535 1969 781 2060 μάθοι,
838 1976 1111 2039 ἐναντία
1154 1996 1225 2039 τε
1276 1972 1391 2038 καὶ
1438 1969 1676 2060 ὠχρία,
1725 1974 1849 2052 ἕως
1887 1970 2372 2059 Ἀσκληπιάδης

340 2080 733 2165 ἐπετίμησεν
779 2074 993 2168 αὐτῷ,
1041 2074 1131 2158 ὡς
1178 2074 1412 2163 οὐδέν,
1459 2077 1704 2165 εἰπών,
1751 2076 2143 2167 ἠνώχλησεν
2189 2077 2370 2170 αὐτῷ

337 2182 419 2250 τὰ
462 2185 655 2270 κρέα,
702 2181 743 2269 ἡ
794 2183 870 2250 δὲ
913 2185 1065 2269 περὶ
1116 2186 1377 2251 τούτων
1423 2181 1733 2252 ὑπόνοια.
1814 2177 1902 2272 ἦν
1957 2183 2033 2252 δὲ
2087 2186 2370 2271 φιλυπό-

340 2292 542 2375 δοχος
592 2289 704 2356 καὶ
751 2287 863 2356 διὰ
920 2286 996 2357 τὸ
1056 2292 1356 2368 νοσῶδες
1408 2294 1524 2375 τῆς
1565 2288 1914 2378 Ἐρετρίας
1957 2297 2160 2359 πλείω
2208 2309 2369 2358 συν-

265 2419 318 2460 20
345 2394 531 2481 άγων
571 2393 925 2483 συμπόσια.
989 2409 1296 2482 προσεῖχε
1336 2394 1409 2464 δὲ
1437 2393 1697 2487 Ὁμήρῳ
1732 2396 1845 2464 καὶ
1881 2409 2022 2476 τοῖς
2057 2404 2371 2484 μελικοῖς,

341 2499 483 2570 εἶτα
529 2510 875 2588 Σοφοκλεῖ
937 2502 1049 2571 καὶ
1107 2499 1374 2594 Ἀχαιῷ,
1440 2492 1493 2596 ᾧ
1530 2502 1667 2570 ’καὶ
1730 2501 1805 2571 τὸ
1863 2506 2241 2591 δευτερεῖον
2295 2506 2370 2571 ἐν

484 2704 518 2752 2
538 2700 932 2767 καταφθεῖραι
958 2696 1238 2768 Diogenes
1310 2693 1533 2768 κόμπον
1561 2697 1613 2749 Α
1646 2697 1797 2766 (fors.
1826 2691 2049 2763 κομπὸν
2060 2701 2106 2764 2)
2216 2703 2251 2751 4
2277 2715 2370 2751 νο-

343 2769 561 2838 μίζειΑ
625 2765 880 2836 ἐκκλίτης
900 2768 953 2822 A
971 2767 1252 2839 Diogenes
1317 2763 1852 2857 ἔκκλιτὴςΒεινιιῙὲ.
1871 2766 2078 2822 Mfiller
2141 2763 2371 2829 ἐκλυτὸς

344 2837 485 2894 coni.
515 2839 705 2894 Iunius
815 2845 848 2893 5
879 2834 1009 2895 οὔτε
1039 2839 1182 2909 γοῦν
1211 2838 1361 2892 ABa
1387 2838 1668 2908 Diogenes
1742 2858 1875 2894 ουτε
1906 2833 2014 2908 γὰρ
2044 2837 2136 2893 Or.
2166 2837 2373 2893 Miiller

348 2915 412 2963 11
452 2905 551 2962 τὸν
580 2906 646 2964 δὲ
674 2941 744 2949 -—·
771 2906 1078 2978 παριόντα,
1118 2910 1216 2964 καὶ
1251 2905 1655 2968 ὖποκύπτοντα
1687 2939 1758 2949 -
1784 2905 2098 2965 ἀποκαλεῖν
2133 2909 2183 2961 A
2218 2907 2372 2963 idem

343 2978 484 3035 coni.
524 2979 844 3050 Stephanus
879 2980 940 3035 in
966 2982 1140 3050 praef.
1171 2981 1246 3035 ad
1271 2981 1437 3051 Diog.
1467 2976 1567 3035 τὸν
1595 2978 1661 3035 δὲ
1676 3011 1746 3054 7—
1760 2975 2042 3051 παριόντα
2069 2980 2167 3034 καὶ
2195 2975 2369 3047 ὑπερ-

344 3047 632 3105 κύπτοντα
668 3082 737 3091 -
774 3046 1089 3107 ἀποκαλεῖν
1125 3051 1218 3107 Ba
1251 3051 1405 3123 vulg.
1508 3057 1575 3105 16
1608 3048 1839 3107 ἐναντία
1875 3053 1924 3105 A
2026 3057 2090 3104 1⁷
2119 3051 2274 3105 Haeo
2308 3049 2370 3105 in

346 3121 691 3177 editionibus
719 3122 854 3177 satis
881 3122 1076 3193 inepte
1103 3124 1367 3193 leguntur
1405 3118 1480 3185 ὡς
1513 3120 1598 3192 δέ,
1642 3117 1837 3190 εἰπών,
1865 3117 2187 3210 ἠνώχλησεν
2216 3116 2370 3194 αὐτῷ

344 3190 419 3247 τά
456 3190 624 3262 κρέα,
662 3208 807 3263 quae
842 3194 1225 3262 praebuerunt
1259 3192 1356 3249 Ba
1438 3190 1512 3256 ὡς
1559 3189 1760 3261 οὐδέν,
1809 3191 2013 3262 εἰπών,
2049 3189 2372 3282 ηνῶχλησεν

348 3257 500 3335 αὐτῷ
540 3261 610 3317 τά
648 3261 789 3333 κρέα
824 3265 876 3317 A
911 3281 1107 3320 verum
1144 3263 1290 3319 vidit
1323 3264 1548 3330 Iunius,
1595 3264 1693 3333 qui
1737 3263 2033 3334 proposuit
2078 3260 2154 3327 ὥς
2198 3262 2371 3319 ουδέν

350 3363 419 3373 --
437 3332 595 3401 κρέα,
615 3332 828 3388 addens
892 3329 928 3403 ἡ
951 3333 1016 3389 δὲ
1038 3334 1170 3404 περὶ
1188 3330 1406 3390 τούτων
1425 3332 1690 3391 ὑπόνοια.
1730 3336 1885 3391 Haeo
1903 3335 2053 3391 enim
2073 3335 2369 3406 Diogenen.

348 3395 473 3455 ἀλλ’
513 3398 549 3469 ἡ
587 3402 717 3472 περὶ
755 3434 821 3444 -
862 3400 1107 3460 ὑπόνοια
1144 3405 1412 3475 Oobeims,
1451 3406 1551 3476 qui
1588 3407 1927 3462 antecedens
2000 3402 2175 3461 εἰπών
2211 3403 2371 3461 uncis

350 3469 596 3526 seclusit.
672 3473 908 3528 Secutus
947 3477 1035 3530 est
1070 3475 1276 3530 Mfiller
1311 3477 1413 3532 sed
1447 3477 1604 3532 uncis
1642 3477 2051 3547 praetermissis
