2646 3890
1101 238 1542 304 ...22-

304 391 619 480 θερμὴν
660 394 753 472 ἐς
774 392 1024 463 πύελον
1069 392 1199 482 γὰρ
1246 392 1542 482 έσήλυθε
1591 395 1732 463 καὶ
1750 393 1872 464 τὸν
1916 389 2217 482 ἄκρατον

317 531 322 539 ·
435 503 785 631 ἔσπασεν,
802 497 918 569 εἶτ’
971 495 1175 588 ἀΐδην
1221 500 1489 588 ψυχρὸν
1535 500 2020 570 ἐπεσπάσατο.

897 640 1133 711 XXXI.
1193 641 1744 731 Ἐμπεδοκλῆς.

473 743 1001 836 Ἐμπεδοκλῆς
1038 788 1123 799 -
1139 748 1489 837 ’Ἄκρωνος
1530 753 1657 819 τοῦ
1701 753 1937 837 ἰατροῦ
1985 750 2340 819 ’τόποναί-

300 857 582 935 τοῦντος
607 846 789 941 παρὰ
813 858 929 942 τῆς
956 842 1208 943 βουλῆς
1226 853 1766 943 Ἀκραγαντίνων
1795 860 1889 936 εἰς
1915 852 2342 942 κατασκευὴν

245 979 272 1019 5
301 959 616 1054 πατρῴου
662 947 1003 1061 μνήματος
1040 960 1153 1029 διά
1191 959 1317 1049 τὴν
1354 963 1429 1030 ἐν
1453 974 1595 1041 τοῖς
1622 965 1945 1091 ἰατρικοῖς
1980 959 2338 1048 ἀκρότητα,

300 1065 663 1154 παρελθων
719 1065 770 1136 5
804 1056 1256 1156 Ἐμπεδοκλῆς
1309 1066 1632 1150 ἐκώλυσε,
1687 1067 1768 1135 τά
1825 1094 1894 1136 τε
1961 1066 2131 1136 αλλα
2186 1068 2340 1152 περὶ

303 1172 610 1277 ἰσότητος
656 1174 1033 1261 διαλεχθεὶς
1085 1174 1196 1241 καὶ
1256 1172 1571 1243 τοιοῦτόν
1618 1199 1682 1241 τι
1730 1173 2093 1293 ἐρωτήσας·
2164 1179 2237 1243 τί
2270 1171 2336 1242 δ’

300 1279 760 1367 ἐπιγράψομεν
807 1283 1130 1379 ἐλεγεῖον,
1177 1275 1218 1367 ἢ
1266 1283 1494 1367 τοῦτο;

345 1422 557 1484 ακρον
606 1393 841 1484 ἰατρὸν
865 1392 1157 1484 ’Ἄκρων’
1202 1393 1727 1483 Ἀκραγαντῖνον
1773 1392 2023 1483 πατρὸς
2066 1421 2282 1482 ακρου

220 1520 275 1561 10
358 1507 363 1511 ’
433 1501 708 1592 κρύπτει
751 1499 1048 1589 κρημνὸς
1091 1527 1296 1588 ακρος
1338 1503 1659 1589 πατρίδος
1705 1497 2090 1588 ἀκροτάτης.

302 1608 499 1698 οὗτος
551 1617 947 1697 ἀποστείλας
1000 1614 1124 1704 τὴν
1188 1613 1439 1704 νεκράν
1495 1612 1868 1702 ἄνθρωπον
1939 1620 2155 1699 ζῶσαν
2224 1618 2335 1685 καὶ

302 1724 658 1804 δοξασθεὶς
683 1727 939 1792 θυσίαν
969 1723 1325 1791 συνετέλει.
1362 1726 1675 1808 παρῆσαν
1704 1722 1779 1791 δὲ
1803 1723 1917 1790 καὶ
1944 1726 2084 1792 τῶν
2112 1729 2336 1809 φίλων

294 1829 492 1909 τι.νές
555 1825 720 1916 μετά
766 1827 843 1896 δὲ
886 1825 1010 1915 τὴν
1056 1825 1347 1913 εὐωχίαν
1386 1829 1457 1895 οἰ
1488 1826 1611 1913 μὲν
1648 1825 1842 1896 αλλοι
1882 1829 2336 1915 χωρισθέντες

302 1932 798 2034 ἀνεπαύσαντο,
843 1936 926 2004 οἱ
977 1934 1103 2022 μὲν
1156 1931 1285 2003 ὑπὸ
1342 1947 1483 2015 τοῖς
1538 1935 1922 2022 δένδρεσιν,
1978 1963 2070 2019 ως
2115 1932 2339 2026 ἀγροῦ

220 2060 274 2103 1⁶
300 2043 825 2128 παρακειμένου,
872 2043 944 2108 οἰ
985 2041 1049 2109 δ’
1103 2039 1233 2127 ὅπη
1268 2033 1671 2130 βούλοιντο,
1719 2038 1922 2121 αὐτὸς
1957 2041 2033 2111 δὲ
2073 2048 2337 2131 ἔμεινεν

303 2147 410 2218 ἐπὶ
453 2151 577 2216 τοῦ
620 2146 859 2234 τόπου,
904 2145 1010 2232 ἐφ’
1065 2139 1271 2234 οὗπερ
1326 2147 1763 2216 κατεκέκλιτο.
1829 2174 1920 2229 ως
1976 2145 2038 2216 δ’
2088 2147 2342 2238 ἡμέρας

301 2258 749 2341 γεννηθείσης
792 2254 1269 2340 ἐξανέστησαν,
1327 2251 1451 2340 οὐχ
1505 2250 1753 2339 ευρέθη
1810 2252 2039 2341 μόνος.
2113 2261 2340 2342 ζητου·

303 2360 515 2447 μένου
543 2360 620 2428 δὲ
645 2360 757 2429 καὶ
782 2364 922 2429 τῶν
958 2363 1234 2429 οἰκετῶν
1273 2355 1828 2446 ἀνακρινομένων
1871 2360 1984 2429 καὶ
2035 2361 2339 2447 φασκόν-

300 2492 437 2535 των
501 2465 589 2554 μὴ
638 2467 942 2552 εἰδέναι,
1007 2459 1103 2546 εἷς
1154 2491 1256 2546 τις
1311 2469 1440 2552 ἔφη
1496 2465 1721 2552 μέσων
1775 2469 2042 2534 νυκτῶν
2104 2470 2341 2556 φωνῆς
2403 2523 2410 2528 .

222 2593 277 2634 20
302 2569 805 2660 ὑπερμεγέθους
867 2569 1152 2640 ἀκοῦσαι
1212 2572 1805 2660 προσκαλουμένης
1863 2570 2337 2659 Ἐμπεδοκλέα,

304 2676 445 2747 εἶτα
513 2675 873 2760 ἐξαναστὰς
943 2659 1307 2766 ἑωρακέναι
1378 2679 1524 2764 φῶς
1591 2672 1948 2766 οὐράνιον,
2017 2676 2182 2747 αλλο
2261 2678 2340 2748 δὲ

318 2789 329 2798 “
446 2802 642 2857 XXXI.
661 2801 866 2893 Diog.
874 2801 1016 2872 VIII,
1045 2806 1132 2867 65,
1196 2791 1405 2890 οὗτοςτ
1390 2832 1456 2841 -
1488 2803 1670 2890 φίλων
1695 2798 1846 2864 τινές
1865 2805 1951 2868 67,
2007 2799 2148 2872 μετά
2170 2800 2236 2858 δὲ
2270 2835 2338 2844 -

302 2874 425 2948 θεῷ
456 2877 545 2941 68,
616 2871 808 2943 τὴν-
742 2869 1026 2928 -ἄσιτον
1054 2872 1273 2941 Suidas,
1340 2863 1507 2935 οὗτος
1533 2867 1564 2926 5
1588 2844 2059 2942 Ἐμπεδοκλῆς-
2081 2873 2216 2929 exit.
2247 2879 2335 2929 73.

442 3004 471 3053 1
487 2994 714 3081 θερμῄν
729 3014 798 3052 ex
814 2995 1067 3068 Diogene
1081 2997 1460 3053 revocandum
1478 2997 1677 3052 statuit
1692 2996 1900 3051 Mfiller
1953 2997 2167 3067 χαλκῆν
2187 2996 2332 3052 miro

305 3084 495 3126 errore
528 3068 690 3136 libri,
727 3067 849 3123 iuro
886 3084 946 3123 re
947 3067 1208 3139 pudiavit
1242 3065 1474 3138 Memgx
1472 3085 1539 3122 us
1629 3062 1690 3130 ἐς
1724 3066 1877 3124 ΑΒε.
1911 3068 2191 3138 Diogenes
2247 3067 2334 3131 εἰς

305 3141 399 3196 Or.
493 3136 593 3210 ἐσῆ
597 3141 808 3195 λθενΑ
898 3135 962 3194 έσ
970 3139 1105 3194 ’λθε
1134 3138 1281 3193 Ba.
1309 3081 1474 3193 ἐσ’
1412 3141 1553 3194 λυθε
1584 3154 1655 3193 ex
1681 3137 1750 3191 D
1732 3153 1938 3208 mgene
1961 3138 2334 3194 restituerunt

303 3210 397 3266 Or.
415 3160 623 3266 Mflller
690 3205 795 3266 τὸν
821 3226 927 3266 om.
927 3157 1043 3265 “ga
1112 3205 1363 3279 ἄκρητον
1374 3153 1832 3279 ²biogemeasmg
1769 3215 1803 3263 2
1819 3204 1944 3264 εἶτα
1962 3211 2092 3278 ἴσην
2113 3209 2157 3263 Β
2222 3205 2329 3265 εἶτ’

304 3283 365 3336 ἴδ
464 3298 499 3337 a
527 3280 886 3338 corr.1unius
958 3287 995 3335 4
1028 3286 1148 3343 τοῖς
1178 3280 1387 3351 βουλῆς
1413 3296 1449 3335 a
1443 3281 1574 3369 τῆς
1602 3281 1807 3353 βουλῆς
1834 3296 1928 3334 am
1997 3285 2031 3335 6
2061 3279 2336 3351 ἰατρικοῖς

307 3367 372 3406 so
395 3368 463 3405 u·
482 3352 533 3406 A
604 3350 816 3421 ἰατροῖς
841 3350 1124 3422 Diogenes
1142 3350 1295 3422 vulg.
1396 3357 1430 3406 9
1443 3346 1570 3421 ’Ἇκρ
1572 3369 1651 3405 ων
1668 3351 1711 3406 Β
1816 3355 1884 3406 16
1903 3348 2211 3420 menium
2212 3371 2278 3407 το
2297 3367 2335 3406 a.

305 3419 773 3477 κατεκέκλιτοωιι
874 3428 939 3478 17
959 3421 1508 3492 γεννηθείσηςΑΒε.
1537 3372 1918 3492 ργενηθείσης
1936 3421 2216 3508 Diogenes
2238 3421 2333 3478 Or.

307 3489 512 3546 Mffller
584 3497 649 3546 21
673 3441 992 3557 ἐξαναστὰς
1004 3495 1052 3547 A
1071 3493 1233 3564 Diog.
1293 3489 1684 3559 ἐξαναστάντα
1695 3492 1849 3563 vulg.
1901 3492 1999 3547 καὶ
2015 3487 2335 3563 λαμπάδων
