2646 3890
1120 209 1560 274 ...46-

305 363 557 452 ’Ἀμφις
597 362 1052 454 Ἀμφικράτει·

369 487 446 557 τὸ
496 487 559 555 δ’
611 486 913 575 ἀγαθόν,
959 487 1062 558 ὅτι
1106 486 1254 558 ποτ’
1308 491 1523 576 ἐστίν,
1571 479 1654 557 οὗ
1700 508 1786 557 συ
1831 487 2191 576 τυγχάνειν

369 598 632 681 μέλλεις
676 593 791 663 διὰ
834 595 1116 682 ταύτην,
1162 587 1367 682 ἦττον
1412 593 1567 664 οἶδα
1591 593 1791 664 τοῦτ’
1844 594 2006 682 ἐγώ,

369 694 422 769 ὦ
470 699 738 771 δέσποτ’
756 752 776 787 ,
821 697 863 788 ἢ
911 699 986 770 τὸ
1031 706 1155 770 τοῦ
1200 701 1570 781 Πλάτωνος
1614 698 1902 788 ἀγαθόν.

271 863 298 903 5
326 838 362 909 ὅ
412 841 736 929 Πλάτων,
779 845 931 932 περὶ
975 843 1100 930 μὲν
1140 835 1238 912 ῶν
1284 850 1714 931 κατείληφεν,
1748 840 2193 931 ἀποφαίνεται
2204 894 2226 930 ,
2269 842 2351 912 τὰ

326 948 401 1016 δὲ
445 951 664 1036 ψευδῆ
711 951 1066 1037 διελέγχει,
1110 951 1262 1037 περὶ
1309 951 1386 1019 δὲ
1430 954 1567 1019 τῶν
1612 949 1890 1038 ἀδήλων
1926 951 2156 1038 ἐπέχει.
2237 950 2349 1017 καὶ

322 1056 472 1142 περὶ
519 1054 643 1142 μὲν
687 1059 824 1125 τῶν
872 1054 1052 1147 αὐτῷ
1110 1057 1501 1125 δοκούντων
1559 1054 2001 1144 ἀποφαίνεται
2048 1055 2161 1124 διὰ
2205 1076 2349 1125 τεσ-

323 1160 553 1249 σάρων
590 1164 990 1251 προσώπων,
1017 1162 1447 1252 Σωκράτους,
1484 1167 1790 1250 Τιμαίου,
1825 1167 1948 1231 τοῦ
1981 1161 2351 1248 Ἀθηναίου

325 1268 548 1353 ξένου,
593 1271 716 1336 τοῦ
748 1266 1062 1337 Ἐλεάτου
1100 1271 1327 1355 ξένου,
1372 1268 1639 1357 περὶδὲ
1683 1273 1821 1338 τῶν
1858 1272 2134 1349 ψευδῶν
2172 1270 2349 1354 ἐλεγ-

243 1395 295 1434 10
321 1375 651 1460 χομένους
721 1374 975 1461 εἰσάγει
1052 1373 1532 1462 Θρασύμαχον,
1599 1378 2008 1462 Καλλικλέα,
2074 1379 2347 1459 Πῶλον,

322 1485 639 1568 Γοργίαν.
723 1485 902 1566 ἔλεγε
952 1482 1057 1566 δέ,
1102 1479 1227 1568 τὴν
1272 1481 1398 1569 μὲν
1442 1479 1669 1569 ψυχὴν
1706 1479 1921 1569 ἀρχὴν
1951 1487 2128 1570 ἔχειν
2157 1479 2348 1569 ἀριθ-

322 1585 637 1674 μητικήν,
681 1584 757 1655 τὸ
807 1586 883 1655 δὲ
928 1592 1119 1675 σῶμα
1163 1587 1647 1675 γεωμετρικήν,
1695 1585 1961 1675 ὡρίζετο
2009 1590 2086 1656 δὲ
2130 1586 2345 1675 αὐτὴν

324 1693 514 1760 ἰδέαν
573 1696 700 1760 τοῦ
756 1692 973 1780 πάντη
1036 1696 1392 1773 διεστῶτος
1443 1693 1849 1781 πνεύματος,
1905 1692 2349 1782 αὐτοκίνητόν

321 1823 392 1865 τε
429 1794 620 1865 εἶναι.

1012 1907 1180 1974 LVI.
1249 1904 1616 1996 Πύρρων.

241 2051 293 2091 15
500 2029 845 2118 Πύρρων
881 2028 917 2098 ὁ
952 2027 1207 2109 Ἠλεῖος
1237 2027 1616 2122 Ἀναξάρχῳ
1658 2035 2200 2100 συνακολουθῶν
2233 2033 2346 2099 καὶ

319 2147 461 2215 τοῖς
504 2151 1079 2223 γυμνοσοφισταϊς
1122 2138 1234 2205 καὶ
1268 2148 1412 2217 τοῖς
1448 2139 1684 2224 μάγοις
1721 2139 2093 2225 συνέμιξεν.
2152 2129 2350 2218 οὗτος

319 2239 394 2310 τὸ
424 2244 542 2327 τῆς
578 2239 1034 2328 ἀκαταληψίας
1069 2242 1181 2310 καὶ
1219 2245 1462 2330 ἐποχῆς
1496 2240 1678 2323 εἶδος
1715 2241 2092 2330 εἰσήγαγεν·
2141 2241 2347 2311 οὐδὲν

319 2347 449 2434 γὰρ
509 2351 800 2435 ἔφασκεν
861 2347 1016 2417 οὔτε
1074 2345 1282 2417 καλὸν
1345 2347 1498 2417 οὔτε
1552 2346 1834 2438 αἰσχρὸν
1880 2347 2033 2417 οὔτε
2081 2352 2346 2417 δίκαιον

323 2453 477 2523 οὔτε
522 2452 782 2524 ἄδικον.
853 2456 966 2523 καὶ
1011 2452 1260 2543 ὁμοίως
1306 2454 1413 2522 ἐπὶ
1456 2454 1731 2523 πάντων
1785 2455 1999 2542 μηδὲν
2045 2453 2221 2524 εἶναι
2265 2458 2346 2544 τῇ

240 2585 293 2624 20
321 2557 642 2651 ἀληθεία,
700 2563 888 2654 νόμω
950 2560 1026 2629 δὲ
1083 2561 1195 2629 καὶ
1257 2565 1404 2630 ἔθει
1457 2561 1675 2630 πάντα
1727 2559 1887 2642 τοὺς
1939 2560 2347 2651 ἄνθρῶπους

461 2701 604 2758 LVI.
605 2702 849 2814 *Diog
872 2702 969 2771 lx,
1022 2709 1089 2757 61
1141 2703 1283 2772 φασὶ
1328 2701 1394 2757 δὲ
1442 2698 1621 2757 αὐτὸν
1657 2734 1729 2744 ——
1776 2698 2075 2773 ἐψηφίσθη
2114 2711 2345 2774 63-64,

321 2769 673 2846 ευσεβῶς*
711 2777 842 2830 ent.
884 2779 968 2829 66.

467 2905 494 2952 1
535 2897 617 2954 Cf.
654 2897 914 2954 Meineke
949 2898 1129 2967 111‚p.
1158 2904 1264 2954 302
1384 2904 1415 2953 2
1454 2919 1544 2953 οτι
1577 2895 1715 2953 ποτέ
1755 2893 1906 2952 ἐστιν
1943 2900 2094 2968 vulg.
2170 2895 2238 2954 οὗ
2276 2917 2343 2954 συ

318 2970 474 3025 ABa
546 2960 615 3023 οὗ
653 2964 722 3024 σὺ
760 2985 855 3024 am
927 2973 998 3023 '4
1031 2940 1265 3029 δέσποτ’
1305 2970 1358 3023 A
1394 2969 1674 3040 Diogenes
1722 2968 1906 3037 (codd.
1943 2968 2115 3024 BVH
2148 2970 2210 3024 in
2238 2988 2343 3052 ap-

359 3043 524 3096 aratu
559 3039 671 3125 W.)
745 3038 993 3094 δέσποτα
1020 3040 1114 3096 Ba
1148 3041 1300 3111 vulg.
1334 3038 1425 3095 Or.
1499 3041 1599 3095 τοῦ
1637 3057 1746 3095 om.
1785 3039 1831 3091 B
1871 3042 1951 3109 (et
1985 3056 2177 3096 omnes
2210 3039 2346 3096 libri

318 3059 435 3180 ἓν.)
507 3105 748 3180 πρόσεχε
780 3106 852 3179 δή
880 3109 1007 3166 add.
1036 3060 1320 3181 Diogenes
1406 3118 1438 3166 5
1467 3108 1537 3166 τὰ
1568 3108 1633 3167 δὲ
1661 3107 1851 3180 ψεύδη
1873 3142 1940 3151 —-
1960 3106 2346 3180 ἀποφαίνεται

320 3200 429 3237 om.
466 3181 518 3234 A
543 3182 806 3251 (propter
847 3180 940 3237 bis
976 3184 1308 3267 usurpatum
1351 3176 1741 3251 ἀποφαίνεται
1786 3199 1821 3236 a
1863 3181 2018 3237 linea.
2040 3183 2345 3269 aberrans)

320 3260 353 3308 6
389 3252 581 3320 ψευδῆ
628 3251 720 3308 Ba
756 3252 1040 3334 Diogenes
1113 3247 1303 3323 ψεύδη
1335 3252 1425 3308 Or.
1464 3252 1669 3308 Muller
1778 3259 1807 3308 ’1
1847 3248 1944 3307 διὰ
1982 3249 2090 3308 δύο
2126 3273 2201 3324 πρ
2205 3250 2343 3308 0⁶06-

319 3341 442 3375 πων
461 3323 513 3375 A
541 3324 716 3391 (certe
745 3338 776 3375 e
805 3321 1127 3379 conieessura
1152 3326 1384 3392 propter
1409 3324 1795 3393 insequentem
1822 3325 2105 3389 lacunam)
2179 3329 2212 3378 8
2240 3323 2342 3378 τοῦ

314 3387 427 3445 Ἀθ.
447 3392 645 3476 ξένου
671 3423 738 3433 --
772 3387 881 3446 Ἑλ.
919 3391 1087 3458 ξένου
1126 3410 1234 3450 om.
1281 3396 1434 3450 ABa
1468 3412 1537 3450 ex
1573 3396 1827 3465 Diogene
1869 3395 2109 3450 inseruit
2150 3393 2343 3449 Iunius

323 3466 388 3515 17
428 3455 826 3531 ἀκαταληψίας
859 3463 965 3517 ΑΒ
1000 3462 1282 3534 Diogenes
1356 3469 1711 3537 καταληψίας
1747 3485 1782 3521 a
1819 3475 1957 3523 corr.
1994 3465 2186 3521 Iunius
