2646 3890
301 422 442 508 egit
481 421 939 487 dissertatione
977 419 1257 485 Hermae
1295 420 1444 486 Vol.
1479 419 1641 484 XIII
1681 442 1742 504 p.
1770 421 1857 486 48
1898 443 2027 505 seq.
2065 421 2332 485 inserta.

302 510 511 587 Quem
558 511 670 595 qui
719 510 1105 594 conscripsit
1150 509 1433 574 codicem
1478 509 1650 574 inter
1694 510 1975 593 plurima
2016 508 2330 594 Diogenis

299 598 550 663 Laertii
603 598 1109 683 Philostratique
1167 602 1470 682 excerpta
1527 601 1834 682 quattuor
1888 600 1990 663 vel
2046 598 2331 683 quinque

300 688 473 752 vitas
520 687 976 772 Hesychianas
1022 688 1289 771 recepit,
1328 708 1492 771 quae
1538 687 1647 751 vix
1689 708 1819 752 uno
1859 689 2142 752 alterove
2186 687 2330 751 loco

306 776 388 840 ab
436 776 627 866 editis
676 776 1086 841 dissentiunt.
1167 775 1417 840 Pendet
1459 776 1663 860 igitur
1699 776 1911 841 omnis
1957 798 2060 840 res
2109 776 2333 840 critica

301 864 378 928 de
427 864 643 930 codice
689 865 1136 930 recentissimo

434 953 632 1018 Laur.
667 953 882 1032 LXX,
925 954 1026 1037 14,
1066 953 1409 1019 chartaceo
1458 975 1621 1018 saec.
1660 952 1821 1017 XVI
1858 953 2150 1017 exeuntis
2192 950 2330 1037 (A),

303 1063 493 1126 quem
517 1039 956 1107 Christoferus
969 1040 1198 1125 Rufus,
1214 1042 1546 1126 professor
1567 1041 1986 1106 Florentinus
2001 1039 2069 1126 ¹),
2088 1039 2328 1106 Cosmo

299 1131 510 1214 primo
556 1129 876 1214 Medice0‚
922 1130 1222 1195 Etruriae
1267 1131 1575 1215 principi,
1622 1130 1793 1195 dono
1843 1130 2040 1194 misit.
2115 1130 2330 1214 Atque

299 1219 493 1283 huius
559 1219 794 1283 codicis
871 1219 1354 1284 accuratissime
1429 1218 1849 1303 dilucidisque
1914 1219 2119 1283 literis
2185 1240 2331 1283 con-

450 1393 490 1462 1)
527 1393 611 1451 De
653 1393 978 1461 Christoferi
1002 1394 1141 1460 Rufi
1174 1393 1296 1448 vita
1333 1395 1392 1449 et
1429 1391 1651 1462 scriptis
1689 1393 1801 1447 duo
1839 1391 2163 1447 conferendi
2201 1394 2333 1446 sunt

300 1464 449 1520 libri.
533 1464 688 1519 Saxii
741 1464 1029 1519 Onomast.
1082 1464 1163 1518 III
1212 1482 1266 1532 p.
1322 1470 1456 1529 373,
1514 1463 1584 1518 de
1632 1479 1780 1518 anno
1837 1468 1975 1517 1559
2028 1463 2330 1517 disserens:

300 1535 782 1604 „christophorus
807 1534 1012 1605 Rufus,
1039 1535 1363 1604 philologus
1399 1533 1586 1588 nescio
1617 1534 1796 1601 cuias,
1826 1533 2084 1588 fortassis
2103 1534 2332 1589 Floren-

299 1607 480 1674 tinus‚
514 1606 784 1674 quoniam
829 1606 887 1660 in
924 1604 1464 1676 Antexegematibus
1503 1605 1617 1659 suis
1661 1621 1759 1659 seu
1795 1604 2029 1659 diversis
2067 1605 2333 1674 explana.-

300 1676 552 1732 tionibus
582 1676 930 1746 Scriptorum
958 1677 1238 1742 veterum,
1267 1674 1626 1745 potissimum
1653 1675 1973 1731 Aristotelis
2002 1676 2074 1730 ad
2101 1676 2333 1729 Petrum

301 1748 640 1813 Victorium,
687 1749 795 1802 hoc
842 1764 1015 1814 ann0,
1060 1746 1285 1802 Patavii
1321 1752 1355 1801 8
1403 1748 1476 1814 (v.
1514 1746 1655 1801 Dan.
1704 1745 1914 1800 Ger-des
1951 1745 2143 1801 Floril.
2182 1745 2331 1800 Libr.

301 1819 432 1873 Rar.
471 1837 526 1887 p.
566 1822 691 1888 304)
729 1818 954 1888 publice
992 1816 1286 1886 descriptis
1315 1819 1375 1870 et
1399 1819 1601 1884 postea.
1636 1815 1759 1869 Iani
1790 1816 2013 1871 Gruteri
2041 1817 2333 1870 Thesauro

305 1889 512 1944 Critico
568 1889 726 1945 Tom.
777 1889 846 1957 ΙΙ,
901 1905 956 1958 p.
1011 1894 1115 1942 570
1139 1919 1203 1928 —-
1225 1894 1329 1942 631
1385 1887 1637 1955 insertis,
1691 1886 1793 1941 sub
1849 1887 2017 1943 finem
2070 1886 2333 1941 Cosmum

303 1961 580 2016 Medicem
601 1959 1107 2024 fortunatissimum
1117 1958 1436 2028 Principem
1460 1960 1520 2013 et
1544 1957 1821 2013 invictum
1840 1959 2056 2015 Ducem
2077 1961 2333 2013 nostrum

302 2034 522 2087 vocat“.
598 2032 815 2099 Jocher,
863 2029 1386 2085 Gelehrtenlexicon
1430 2029 1537 2096 111,
1575 2048 1631 2099 p.
1670 2034 1811 2084 2280
1861 2029 2003 2084 haec
2049 2029 2333 2099 exposuit:

307 2103 576 2171 „Rubeus
616 2101 918 2171 (Christos)
955 2118 1073 2156 war
1107 2100 1394 2156 Professor
1428 2100 1851 2169 Philosophiae,
1902 2100 2007 2155 wie
2045 2101 2191 2155 auch
2236 2101 2336 2154 der

304 2172 695 2244 griechischen
727 2172 845 2226 und
880 2171 1254 2226 lateinischen
1293 2170 1539 2240 Sprache
1576 2190 1643 2225 zu
1679 2172 1899 2239 Padua,
1936 2188 2036 2225 aus
2065 2171 2333 2225 Umbrien

306 2242 594 2314 gebiirtig,
647 2242 801 2297 lebte
855 2247 992 2298 1580
1047 2243 1163 2296 und
1220 2240 1440 2297 schrieb
1492 2240 1990 2310 Antexegemata“.
2064 2242 2335 2295 Jocherus

304 2316 425 2384 ipse
451 2315 691 2369 lectores
719 2313 994 2382 allegavit
1020 2313 1093 2367 ad
1120 2311 1381 2368 Iacobilli
1409 2329 1548 2381 opus
1588 2313 1657 2365 de
1686 2311 2040 2367 Bibliotheca
2067 2310 2333 2368 Umbriae

308 2384 708 2455 conscriptum,
747 2384 902 2438 cuius
938 2383 1275 2453 inspiciendi
1313 2383 1567 2453 quamvis
1610 2382 1707 2437 diu
1752 2382 2125 2452 quaesiverim
2172 2399 2333 2437 oeca-

308 2456 521 2511 sionem
538 2471 844 2522 numquam
860 2458 1058 2509 nactus
1079 2473 1218 2509 sum.
1256 2452 1531 2521 Equidem
1548 2454 2053 2524 Antexegematum
2064 2452 2337 2509 Thesauri

306 2529 494 2581 locum
531 2527 592 2593 (1.
623 2543 668 2581 c.
697 2544 752 2594 p.
783 2528 911 2595 630)
948 2541 1254 2595 apponam,
1291 2526 1440 2579 unde
1479 2541 1545 2579 eo
1584 2525 1809 2593 quidem
1844 2523 2336 2593 tempore'Rufum

306 2597 629 2652 Florentiae
689 2596 886 2652 vixisse
942 2596 1205 2652 efficitur:
1259 2597 1393 2666 „Tu
1447 2611 1580 2650 vero
1625 2594 1762 2651 felix
1811 2612 1984 2665 perge
2032 2595 2092 2648 in
2137 2595 2334 2649 floren-

307 2668 528 2723 tissima.
583 2667 720 2721 urbe
775 2665 1069 2722 florentem
1128 2666 1370 2736 ingeniis
1439 2666 1797 2733 moribusque
1858 2665 2209 2721 iuventutem
2264 2666 2338 2719 ad

307 2739 723 2794 humanitatem
739 2728 1058 2805 instituere3
1086 2753 1261 2807 perge
1279 2736 1443 2791 bonis
1464 2736 1625 2791 libris
1645 2737 1828 2791 lucem
1856 2735 2054 2790 afferre
2083 2736 2337 2790 fortuna·

309 2811 516 2865 tissimi
533 2808 813 2878 Principis
828 2808 1137 2878 invictique
1155 2808 1328 2862 Ducis
1345 2806 1527 2861 nostri
1546 2822 1679 2861 cura
1699 2808 1756 2861 et
1777 2806 2075 2877 vigilantia.
2094 2823 2335 2861 securus.

310 2881 399 2935 Ad
437 2880 594 2934 euius
632 2880 999 2934 domesticam
1034 2878 1285 2946 laudem,
1325 2894 1468 2946 quae
1506 2880 1564 2932 et
1590 2894 1731 2947 paee
1760 2880 1820 2932 et
1847 2878 1995 2932 bello
2026 2876 2338 2932 clarissima.

310 2967 532 3077 iffi?
545 2950 1155 3091 eixssffssfflssiffitffl
1182 2948 2338 3089 {503313122333132233{fflfflffi

313 3093 570 3163 quolibet
596 3091 911 3173 comparari
936 3092 1130 3162 possit.
1200 3090 1383 3171 Huius
1411 3090 1680 3172 virtutem
1707 3108 1886 3172 nuper
1914 3107 2038 3172 cum
2067 3088 2339 3143 memoria

312 3161 1702 3309 {zzefiffissffiauffl{ssxasssssshfflugffieffl
1718 3162 1925 3287 §333⁰
1948 3160 2340 3285 3333&ssssss

313 3307 592 3360 tumulum
645 3303 1018 3358 moestissima
1065 3304 1256 3359 Virtus
1298 3307 1306 3368 Ι
1348 3302 1640 3372 Unguibus
1691 3305 1749 3357 et
1794 3302 1973 3357 crines
2020 3304 2079 3356 et
2122 3302 2340 3356 laniata.

358 3393 504 3430 enas.
537 3379 546 3441 1
581 3374 690 3428 Cur
717 3374 834 3429 ita?
851 3373 1371 3443 quaerenti,Patria
1385 3373 1510 3443 quis
1541 3373 1671 3429 sede
1690 3374 1891 3429 relicta
1921 3375 1931 3439 Ι
1963 3374 2093 3427 Non
2110 3372 2337 3426 doleat?

364 3446 510 3501 atria
525 3445 708 3499 factus
728 3448 786 3499 et
812 3446 976 3500 exul?
1012 3445 1109 3500 ait.
1144 3448 1152 3513 Ι
1183 3444 1420 3500 Possent
1435 3447 1614 3517 morte
1632 3445 1777 3499 mori
1796 3444 2064 3499 caelestia
2090 3442 2340 3513 numina,

316 3518 572 3586 possent:
607 3519 617 3586 ι
647 3515 921 3569 Finissem
955 3517 1141 3570 luctus
1177 3517 1361 3571 morte
1395 3517 1628 3586 repente
1665 3519 1882 3571 meos“.
