2646 3890
1058 274 1365 322 —X111
1462 291 1535 301 ’-

462 530 591 602 III.
665 531 979 622 Epistula
1035 526 1438 600 christofori
1490 524 1641 595 Rufi
1696 523 1783 595 ad
1838 525 2137 596 cosmum

961 653 1329 724 Medieeum
1383 652 1617 721 missa.

609 803 1076 893 Χριστόφορος
1112 801 1400 889 Ῥοῦφος
1444 802 1695 890 Κόσμῳ
1741 800 1994 867 Μέδικι

284 917 376 1006 τῶ
413 910 844 1000 γαληνοτατῳ
897 914 1275 998 Τυρρηνίας
1311 907 1577 997 μεγάλῳ
1617 905 1837 974 Δουκὶ
1873 898 1950 973 εὖ
1985 907 2319 995 πράττειν.

425 1034 615 1147 Πρὸς
658 1048 799 1113 τοῖς
841 1040 1117 1113 πολλοῖς
1160 1036 1253 1126 τῷ
1303 1031 1451 1100 ὄντι
1496 1036 1869 1117 βασιλικοῖς
1916 1033 2167 1116 ἔργοις,
2216 1025 2318 1109 οἷς

284 1123 504 1193 πολὺν
549 1123 725 1233 ἤδη
757 1122 1009 1211 χρόνον
1065 1100 1416 1209 ἐπιχειρῶν
1474 1124 1823 1203 διατελεῖς,
1883 1118 2162 1198 ξύνοιδα
2211 1137 2319 1187 σοι

282 1214 400 1283 καὶ
446 1209 614 1299 πρὸς
658 1209 782 1297 τὴν
815 1216 1111 1322 βιβλίων
1158 1213 1394 1296 κτῆσιν
1442 1214 1703 1319 μυρίων
1753 1205 1935 1274 ὅσων
1991 1205 2117 1275 οὐκ
2173 1209 2319 1291 ἐλα-

284 1306 522 1389 χίστην
579 1298 888 1411 σπουδὴν
944 1295 1475 1388 κατατιθεμένω,
1535 1295 1702 1374 ὥστε
1756 1300 1914 1381 περί
1951 1322 2028 1382 γε
2072 1295 2319 1365 τούτου

287 1392 526 1478 ἐρίζειν
574 1416 660 1456 αν
708 1382 851 1468 οἷός
885 1414 956 1456 τε
992 1396 1132 1474 εἴης
1169 1387 1281 1454 καὶ
1308 1399 1451 1465 τοῖς
1479 1384 1941 1464 ἐνδοξοτατοις
1970 1383 2319 1471 Αἰγύπτου

286 1504 358 1546 τε
403 1478 516 1545 καὶ
562 1475 932 1564 Περγαμου
986 1479 1401 1585 βασιλεῦσιν.
1491 1472 1757 1563 ἐνθυμῇ
1815 1499 1945 1560 γαρ
2003 1473 2320 1560 δηλονότι

288 1570 406 1651 τῆς
451 1570 708 1652 σοφίας
729 1565 842 1632 καὶ
878 1568 1014 1632 τῶν
1051 1563 1303 1649 ταύτην
1344 1565 1795 1673 περιεχουσῶν
1824 1565 2080 1646 βίβλων
2116 1561 2321 1630 οὐδὲν

289 1653 466 1722 εἶναι
524 1656 738 1740 κτῆμα
803 1652 1264 1741 λαμπρότερον
1337 1647 1498 1719 οὐδὲ
1563 1647 2145 1761 θαυμασιώτερον.
2234 1677 2323 1729 ως

291 1769 418 1811 ουν
489 1744 568 1830 τῇ
642 1747 959 1853 καλλίστῃ
1025 1760 1152 1809 σου
1216 1742 1480 1828 σπουδῇ
1542 1737 1709 1807 κατὰ
1767 1735 1894 1824 τὴν
1965 1742 2320 1850 παροῦσαν

288 1830 611 1942 δύναμιν
659 1827 843 1916 κᾶγῶ
925 1855 989 1897 τι
1073 1828 1499 1915 ξυλλαβοιμι,
1556 1826 1838 1938 ἠξίωσα
1912 1827 2136 1940 δῶρόν
2212 1847 2322 1897 σοι

285 1920 542 2030 πέμψαι
595 1915 972 2028 “Ησύχιον
1032 1917 1449 2028 Μιλήσιον
1507 1914 1630 1986 τὸν
1688 1916 1930 1986 νεωστὶ
2002 1915 2093 1985 δι’
2157 1919 2320 2006 ἐμου

288 2007 540 2076 σκότου
592 2006 809 2118 πύλας
862 2007 1172 2118 λιπόντα,
1216 2003 1361 2074 κατ’
1414 2004 1797 2115 Ευριπίδην
1844 2010 2073 2074 εἰπεῖν.
2168 2025 2321 2093 συγ-

292 2095 555 2182 γραψας
585 2094 649 2162 δ’
678 2087 874 2175 οὗτός
902 2098 1082 2163 ἐστιν
1115 2093 1205 2174 ῶς
1226 2091 1523 2163 δυνατὸν
1546 2094 2020 2206 συντομώτατα
2051 2099 2320 2163 πολλῶν

291 2183 406 2251 καὶ
445 2187 745 2296 δοκίμων
782 2186 855 2251 ἐν
893 2183 1120 2270 λόγοις
1158 2182 1433 2270 ἀνδρῶν
1470 2208 1627 2262 τους
1676 2188 1898 2268 βίους,
1947 2180 1982 2251 ὃ
2033 2183 2117 2270 δὴ
2165 2204 2320 2251 συν-

284 2298 658 2359 ταγματιον
717 2272 1048 2341 τοσούτου
1103 2272 1283 2382 παρα
1346 2273 1484 2339 τῶν
1538 2270 1745 2340 παλαι
1800 2270 2093 2359 ἠξιώθη,
2154 2270 2320 2341 ῶστε

289 2362 403 2427 καὶ
450 2364 816 2428 Σουίδαν
862 2360 983 2429 τὸν
1029 2385 1212 2428 πανυ
1258 2363 1578 2428 ἐντεῦθεν
1640 2357 1996 2447 ομολογεῖν
2059 2366 2153 2440 εἰς
2197 2360 2322 2447 τὴν
2360 2409 2362 2411 -

289 2450 536 2516 ἑαυτοῦ
584 2454 909 2534 πολυτελῆ
956 2454 1197 2535 βίβλον
1246 2447 1372 2517 οὐκ
1418 2445 1612 2534 ὀλίγα
1667 2462 2099 2536 μετενεγκεῖν.
2183 2454 2322 2517 ἔστι

234 2573 241 2583 -
290 2542 531 2605 τοίνυν
574 2535 743 2624 πρὸς
786 2540 908 2605 τοῦ
954 2536 1429 2647 μεγαλοψύχου
1477 2541 1598 2604 τοῦ
1637 2540 1766 2605 σοῦ
1802 2542 2109 2624 φαιδρῶς
2145 2536 2321 2624 μαλα

288 2625 406 2692 καὶ
478 2623 914 2736 φιλοφρόνως
985 2625 1106 2693 τὸν
1179 2624 1401 2713 ἄνδρα
1480 2626 1873 2706 δεξιοῦσθαι
1945 2627 2058 2694 καὶ
2119 2646 2322 2710 προσ-

294 2715 631 2824 δέχεσθαι.
717 2711 967 2781 οὑτωσὶ
1011 2740 1141 2825 γαρ
1181 2716 1431 2802 ἑτέροις
1473 2718 1698 2803 πολλῷ
1735 2713 1851 2804 (νὴ
1894 2716 2061 2803 Δία)
2100 2733 2322 2801 σοφω-

292 2803 518 2887 τέροις
563 2798 1106 2888 ὁδοποιήσειας’
1080 2830 1184 2871 αν.

1159 2915 1467 3003 Εὐτύχει.

491 3128 864 3196 Scribebam
911 3131 1248 3216 Tubingae
1296 3153 1517 3196 mense
1564 3131 1782 3216 Aprili
1829 3155 1884 3196 a.
1937 3133 2124 3196 1880.
