<?xml version="1.0" encoding="UTF-8"?>
<!DOCTYPE html PUBLIC "-//W3C//DTD XHTML 1.0 Transitional//EN"
    "http://www.w3.org/TR/xhtml1/DTD/xhtml1-transitional.dtd">
<html xmlns="http://www.w3.org/1999/xhtml" xml:lang="en" lang="en">
 <head>
  <title>
</title>
<meta http-equiv="Content-Type" content="text/html;charset=utf-8" />
  <meta name='ocr-system' content='tesseract 3.04.00' />
  <meta name='ocr-capabilities' content='ocr_page ocr_carea ocr_par ocr_line ocrx_word'/>
</head>
<body>
  <div class='ocr_page' id='page_1' title='image "./devirisillustri00flacgoog_0061.png"; bbox 0 0 2646 3890; ppageno 0'>
   <div class='ocr_carea' id='block_1_1' title="bbox 274 236 2357 1330">
    <p class='ocr_par' dir='ltr' id='par_1_1' title="bbox 274 236 2357 1330">
     <span class='ocr_line' id='line_1_1' title="bbox 1069 236 1508 302; baseline 0 -20"><span class='ocrx_word' id='word_1_1' title='bbox 1069 272 1154 282; x_wconf 85' lang='lat'><strong><em>...</em></strong></span> <span class='ocrx_word' id='word_1_2' title='bbox 1246 236 1331 302; x_wconf 86' lang='lat'><strong><em>41</em></strong></span> <span class='ocrx_word' id='word_1_3' title='bbox 1429 270 1508 282; x_wconf 83' lang='grc'><strong><em>.-</em></strong></span> 
     </span>
     <span class='ocr_line' id='line_1_2' title="bbox 274 389 2299 486; baseline 0 -26"><span class='ocrx_word' id='word_1_4' title='bbox 274 395 411 461; x_wconf 79' lang='grc' dir='ltr'><strong><em>τῶν</em></strong></span> <span class='ocrx_word' id='word_1_5' title='bbox 468 390 690 462; x_wconf 75' lang='grc' dir='ltr'><strong><em>ὄντων</em></strong></span> <span class='ocrx_word' id='word_1_6' title='bbox 744 405 1069 486; x_wconf 79' lang='grc' dir='ltr'><strong><em>στοιχεῖα,</em></strong></span> <span class='ocrx_word' id='word_1_7' title='bbox 1113 390 1411 478; x_wconf 79' lang='grc' dir='ltr'><strong><em>κόσμους</em></strong></span> <span class='ocrx_word' id='word_1_8' title='bbox 1464 389 1527 459; x_wconf 86' lang='grc' dir='ltr'><strong><em>δ’</em></strong></span> <span class='ocrx_word' id='word_1_9' title='bbox 1581 389 1925 479; x_wconf 79' lang='grc' dir='ltr'><strong><em>ἀπείρους,</em></strong></span> <span class='ocrx_word' id='word_1_10' title='bbox 1970 390 2299 479; x_wconf 88' lang='grc' dir='ltr'><strong><em>παραλλά·</em></strong></span> 
     </span>
     <span class='ocr_line' id='line_1_3' title="bbox 274 496 2306 587; baseline 0 -21"><span class='ocrx_word' id='word_1_11' title='bbox 274 523 476 579; x_wconf 81' lang='grc' dir='ltr'><strong><em>κτους</em></strong></span> <span class='ocrx_word' id='word_1_12' title='bbox 501 500 595 568; x_wconf 86' lang='grc' dir='ltr'><strong><em>δε’.</em></strong></span> <span class='ocrx_word' id='word_1_13' title='bbox 647 498 729 568; x_wconf 79' lang='grc' dir='ltr'><strong><em>τὰ</em></strong></span> <span class='ocrx_word' id='word_1_14' title='bbox 755 500 929 587; x_wconf 79' lang='grc' dir='ltr'><strong><em>νέφη</em></strong></span> <span class='ocrx_word' id='word_1_15' title='bbox 963 502 1442 585; x_wconf 73' lang='grc' dir='ltr'><strong><em>συνίστασθαι,</em></strong></span> <span class='ocrx_word' id='word_1_16' title='bbox 1477 501 1595 585; x_wconf 80' lang='grc' dir='ltr'><strong><em>τῆς</em></strong></span> <span class='ocrx_word' id='word_1_17' title='bbox 1631 496 1751 586; x_wconf 87' lang='grc' dir='ltr'><strong><em>ἀφ’</em></strong></span> <span class='ocrx_word' id='word_1_18' title='bbox 1792 496 1993 584; x_wconf 80' lang='grc' dir='ltr'><strong><em>ἡλίου</em></strong></span> <span class='ocrx_word' id='word_1_19' title='bbox 2031 497 2306 587; x_wconf 87' lang='grc' dir='ltr'><strong><em>ἀτμίδος</em></strong></span> 
     </span>
     <span class='ocr_line' id='line_1_4' title="bbox 276 603 2305 695; baseline -0 -23"><span class='ocrx_word' id='word_1_20' title='bbox 276 603 789 694; x_wconf 78' lang='grc' dir='ltr'><strong><em>ἀναφερομένης</em></strong></span> <span class='ocrx_word' id='word_1_21' title='bbox 861 607 971 674; x_wconf 81' lang='grc' dir='ltr'><strong><em>καὶ</em></strong></span> <span class='ocrx_word' id='word_1_22' title='bbox 1043 603 1369 695; x_wconf 78' lang='grc' dir='ltr'><strong><em>αἰρούσης</em></strong></span> <span class='ocrx_word' id='word_1_23' title='bbox 1435 603 1604 676; x_wconf 78' lang='grc' dir='ltr'><strong><em>αὐτὰ</em></strong></span> <span class='ocrx_word' id='word_1_24' title='bbox 1664 611 1760 687; x_wconf 89' lang='grc' dir='ltr'><strong><em>εἰς</em></strong></span> <span class='ocrx_word' id='word_1_25' title='bbox 1830 605 1907 676; x_wconf 85' lang='grc' dir='ltr'><strong><em>τὸ</em></strong></span> <span class='ocrx_word' id='word_1_26' title='bbox 1979 608 2305 693; x_wconf 75' lang='grc' dir='ltr'><strong><em>περιέχον.</em></strong></span> 
     </span>
     <span class='ocr_line' id='line_1_5' title="bbox 278 709 2302 800; baseline -0.001 -21"><span class='ocrx_word' id='word_1_27' title='bbox 278 709 520 780; x_wconf 78' lang='grc' dir='ltr'><strong><em>οὐσίαν</em></strong></span> <span class='ocrx_word' id='word_1_28' title='bbox 574 714 746 779; x_wconf 80' lang='grc' dir='ltr'><strong><em>θεοῦ</em></strong></span> <span class='ocrx_word' id='word_1_29' title='bbox 800 715 1232 799; x_wconf 79' lang='grc' dir='ltr'><strong><em>σφαιροειδῆ,</em></strong></span> <span class='ocrx_word' id='word_1_30' title='bbox 1288 712 1502 798; x_wconf 74' lang='grc' dir='ltr'><strong><em>μηδὲν</em></strong></span> <span class='ocrx_word' id='word_1_31' title='bbox 1564 709 1805 799; x_wconf 81' lang='grc' dir='ltr'><strong><em>ὅμοιον</em></strong></span> <span class='ocrx_word' id='word_1_32' title='bbox 1850 717 2139 800; x_wconf 81' lang='grc' dir='ltr'><strong><em>ἔχουσαν</em></strong></span> <span class='ocrx_word' id='word_1_33' title='bbox 2185 709 2302 779; x_wconf 87' lang='grc' dir='ltr'><strong><em>ἀν-</em></strong></span> 
     </span>
     <span class='ocr_line' id='line_1_6' title="bbox 278 814 2357 910; baseline -0 -24"><span class='ocrx_word' id='word_1_34' title='bbox 278 817 565 910; x_wconf 77' lang='grc' dir='ltr'><strong><em>θρώπω,</em></strong></span> <span class='ocrx_word' id='word_1_35' title='bbox 620 815 784 886; x_wconf 81' lang='grc' dir='ltr'><strong><em>ὅλον</em></strong></span> <span class='ocrx_word' id='word_1_36' title='bbox 840 816 917 885; x_wconf 71' lang='grc' dir='ltr'><strong><em>δὲ</em></strong></span> <span class='ocrx_word' id='word_1_37' title='bbox 972 815 1143 907; x_wconf 78' lang='grc' dir='ltr'><strong><em>ὁρᾶν</em></strong></span> <span class='ocrx_word' id='word_1_38' title='bbox 1197 818 1311 885; x_wconf 87' lang='grc' dir='ltr'><strong><em>καὶ</em></strong></span> <span class='ocrx_word' id='word_1_39' title='bbox 1372 815 1535 886; x_wconf 81' lang='grc' dir='ltr'><strong><em>ὅλον</em></strong></span> <span class='ocrx_word' id='word_1_40' title='bbox 1591 814 1893 905; x_wconf 82' lang='grc' dir='ltr'><strong><em>ἀκούειν,</em></strong></span> <span class='ocrx_word' id='word_1_41' title='bbox 1937 817 2027 906; x_wconf 84' lang='grc' dir='ltr'><strong><em>μὴ</em></strong></span> <span class='ocrx_word' id='word_1_42' title='bbox 2075 819 2305 904; x_wconf 82' lang='grc' dir='ltr'><strong><em>μέντοι</em></strong></span> <span class='ocrx_word' id='word_1_43' title='bbox 2330 831 2357 873; x_wconf 85' lang='lat'>⁵</span> 
     </span>
     <span class='ocr_line' id='line_1_7' title="bbox 277 921 2305 1020; baseline -0.001 -28"><span class='ocrx_word' id='word_1_44' title='bbox 277 921 623 1020; x_wconf 77' lang='grc' dir='ltr'><strong><em>ἀναπνεῖν.</em></strong></span> <span class='ocrx_word' id='word_1_45' title='bbox 705 921 1060 1011; x_wconf 83' lang='grc' dir='ltr'><strong><em>σύμπαντά</em></strong></span> <span class='ocrx_word' id='word_1_46' title='bbox 1105 949 1176 992; x_wconf 91' lang='grc' dir='ltr'><strong><em>τε</em></strong></span> <span class='ocrx_word' id='word_1_47' title='bbox 1222 924 1395 992; x_wconf 84' lang='grc' dir='ltr'><strong><em>εἶναι</em></strong></span> <span class='ocrx_word' id='word_1_48' title='bbox 1439 927 1612 992; x_wconf 82' lang='grc' dir='ltr'><strong><em>νοῦν</em></strong></span> <span class='ocrx_word' id='word_1_49' title='bbox 1656 924 1769 991; x_wconf 87' lang='grc' dir='ltr'><strong><em>καὶ</em></strong></span> <span class='ocrx_word' id='word_1_50' title='bbox 1806 922 2149 1010; x_wconf 85' lang='grc' dir='ltr'><strong><em>φρόνησιν</em></strong></span> <span class='ocrx_word' id='word_1_51' title='bbox 2193 923 2305 990; x_wconf 87' lang='grc' dir='ltr'><strong><em>καὶ</em></strong></span> 
     </span>
     <span class='ocr_line' id='line_1_8' title="bbox 276 1026 2306 1118; baseline -0 -21"><span class='ocrx_word' id='word_1_52' title='bbox 276 1029 520 1098; x_wconf 83' lang='grc' dir='ltr'><strong><em>ἀΐδιον.</em></strong></span> <span class='ocrx_word' id='word_1_53' title='bbox 600 1028 863 1118; x_wconf 74' lang='grc' dir='ltr'><strong><em>πρῶτός</em></strong></span> <span class='ocrx_word' id='word_1_54' title='bbox 904 1055 977 1098; x_wconf 87' lang='grc' dir='ltr'><strong><em>τε</em></strong></span> <span class='ocrx_word' id='word_1_55' title='bbox 1021 1027 1443 1117; x_wconf 90' lang='grc' dir='ltr'><strong><em>ἀπεφήνατο,</em></strong></span> <span class='ocrx_word' id='word_1_56' title='bbox 1492 1026 1595 1098; x_wconf 82' lang='grc' dir='ltr'><strong><em>ὅτι</em></strong></span> <span class='ocrx_word' id='word_1_57' title='bbox 1640 1032 1778 1097; x_wconf 79' lang='grc' dir='ltr'><strong><em>πᾶν</em></strong></span> <span class='ocrx_word' id='word_1_58' title='bbox 1825 1027 1902 1097; x_wconf 88' lang='grc' dir='ltr'><strong><em>τὸ</em></strong></span> <span class='ocrx_word' id='word_1_59' title='bbox 1939 1027 2306 1116; x_wconf 84' lang='grc' dir='ltr'><strong><em>γινόμενον</em></strong></span> 
     </span>
     <span class='ocr_line' id='line_1_9' title="bbox 281 1132 2307 1224; baseline -0.001 -20"><span class='ocrx_word' id='word_1_60' title='bbox 281 1135 599 1224; x_wconf 90' lang='grc' dir='ltr'><strong><em>φθαρτόν</em></strong></span> <span class='ocrx_word' id='word_1_61' title='bbox 664 1137 800 1204; x_wconf 80' lang='grc' dir='ltr'><strong><em>ἐστι</em></strong></span> <span class='ocrx_word' id='word_1_62' title='bbox 867 1137 980 1204; x_wconf 84' lang='grc' dir='ltr'><strong><em>καὶ</em></strong></span> <span class='ocrx_word' id='word_1_63' title='bbox 1039 1133 1080 1223; x_wconf 83' lang='grc' dir='ltr'><em>ἡ</em></span> <span class='ocrx_word' id='word_1_64' title='bbox 1141 1134 1321 1223; x_wconf 81' lang='grc' dir='ltr'><strong><em>ψυχὴ</em></strong></span> <span class='ocrx_word' id='word_1_65' title='bbox 1383 1139 1667 1223; x_wconf 84' lang='grc' dir='ltr'><strong><em>πνεῦμα.</em></strong></span> <span class='ocrx_word' id='word_1_66' title='bbox 1762 1139 1889 1222; x_wconf 84' lang='grc' dir='ltr'><strong><em>ἔφη</em></strong></span> <span class='ocrx_word' id='word_1_67' title='bbox 1945 1160 2015 1204; x_wconf 89' lang='grc' dir='ltr'><strong><em>τε</em></strong></span> <span class='ocrx_word' id='word_1_68' title='bbox 2068 1135 2180 1202; x_wconf 84' lang='grc' dir='ltr'><strong><em>καὶ</em></strong></span> <span class='ocrx_word' id='word_1_69' title='bbox 2224 1132 2307 1202; x_wconf 82' lang='grc' dir='ltr'><strong><em>τὰ</em></strong></span> 
     </span>
     <span class='ocr_line' id='line_1_10' title="bbox 276 1239 2306 1330; baseline -0 -20"><span class='ocrx_word' id='word_1_70' title='bbox 276 1241 491 1311; x_wconf 76' lang='grc' dir='ltr'><strong><em>πολλὰ</em></strong></span> <span class='ocrx_word' id='word_1_71' title='bbox 527 1239 712 1328; x_wconf 80' lang='grc' dir='ltr'><strong><em>ἥσσω</em></strong></span> <span class='ocrx_word' id='word_1_72' title='bbox 749 1245 881 1310; x_wconf 83' lang='grc' dir='ltr'><strong><em>νοῦ</em></strong></span> <span class='ocrx_word' id='word_1_73' title='bbox 918 1239 1109 1310; x_wconf 83' lang='grc' dir='ltr'><strong><em>εἶναι.</em></strong></span> <span class='ocrx_word' id='word_1_74' title='bbox 1154 1242 1266 1309; x_wconf 82' lang='grc' dir='ltr'><strong><em>καὶ</em></strong></span> <span class='ocrx_word' id='word_1_75' title='bbox 1302 1255 1445 1322; x_wconf 80' lang='grc' dir='ltr'><strong><em>τοῖς</em></strong></span> <span class='ocrx_word' id='word_1_76' title='bbox 1479 1241 1843 1330; x_wconf 77' lang='grc' dir='ltr'><strong><em>τυράννοις</em></strong></span> <span class='ocrx_word' id='word_1_77' title='bbox 1872 1242 2306 1329; x_wconf 78' lang='grc' dir='ltr'><strong><em>ἐντυγχάνειν</em></strong></span> 
     </span>
    </p>
   </div>
   <div class='ocr_carea' id='block_1_2' title="bbox 162 1340 2448 1437">
    <p class='ocr_par' dir='ltr' id='par_1_2' title="bbox 162 1340 2448 1437">
     <span class='ocr_line' id='line_1_11' title="bbox 162 1340 2448 1437; baseline -0.003 -20"><span class='ocrx_word' id='word_1_78' title='bbox 162 1386 167 1391; x_wconf 92' lang='grc'><em>·</em></span> <span class='ocrx_word' id='word_1_79' title='bbox 276 1346 325 1436; x_wconf 82' lang='grc' dir='ltr'><em>ἢ</em></span> <span class='ocrx_word' id='word_1_80' title='bbox 386 1347 477 1429; x_wconf 79' lang='grc' dir='ltr'><strong><em>ὥς</em></strong></span> <span class='ocrx_word' id='word_1_81' title='bbox 538 1347 775 1436; x_wconf 81' lang='grc' dir='ltr'><strong><em>ἥκιστα</em></strong></span> <span class='ocrx_word' id='word_1_82' title='bbox 836 1345 879 1436; x_wconf 82' lang='grc' dir='ltr'>ἢ</span> <span class='ocrx_word' id='word_1_83' title='bbox 945 1346 1036 1430; x_wconf 74' lang='grc' dir='ltr'><strong><em>ὥς</em></strong></span> <span class='ocrx_word' id='word_1_84' title='bbox 1089 1346 1346 1436; x_wconf 81' lang='grc' dir='ltr'><strong><em>ἥδιστα.</em></strong></span> <span class='ocrx_word' id='word_1_85' title='bbox 1420 1346 1942 1437; x_wconf 79' lang='grc' dir='ltr'><strong><em>Ἐμπεδοκλέους</em></strong></span> <span class='ocrx_word' id='word_1_86' title='bbox 2005 1340 2309 1427; x_wconf 82' lang='grc' dir='ltr'><strong><em>εἰπόντος</em></strong></span> <span class='ocrx_word' id='word_1_87' title='bbox 2336 1373 2388 1412; x_wconf 85' lang='lat'><strong><em>10</em></strong></span> <span class='ocrx_word' id='word_1_88' title='bbox 2437 1420 2448 1427; x_wconf 42' lang='grc'><strong><em>,</em></strong></span> 
     </span>
    </p>
   </div>
   <div class='ocr_carea' id='block_1_3' title="bbox 280 1453 2312 1756">
    <p class='ocr_par' dir='ltr' id='par_1_3' title="bbox 280 1453 2312 1756">
     <span class='ocr_line' id='line_1_12' title="bbox 280 1453 2312 1548; baseline -0.001 -24"><span class='ocrx_word' id='word_1_89' title='bbox 280 1453 487 1548; x_wconf 72' lang='grc' dir='ltr'><strong><em>αὐτῷ,</em></strong></span> <span class='ocrx_word' id='word_1_90' title='bbox 552 1453 658 1523; x_wconf 80' lang='grc' dir='ltr'><strong><em>ὅτι</em></strong></span> <span class='ocrx_word' id='word_1_91' title='bbox 721 1453 1079 1544; x_wconf 81' lang='grc' dir='ltr'><strong><em>ἀνεύρετός</em></strong></span> <span class='ocrx_word' id='word_1_92' title='bbox 1143 1457 1327 1524; x_wconf 80' lang='grc' dir='ltr'><strong><em>ἐστιν</em></strong></span> <span class='ocrx_word' id='word_1_93' title='bbox 1392 1453 1428 1523; x_wconf 84' lang='grc' dir='ltr'>ὁ</span> <span class='ocrx_word' id='word_1_94' title='bbox 1490 1453 1734 1543; x_wconf 90' lang='grc' dir='ltr'><strong><em>σοφός,</em></strong></span> <span class='ocrx_word' id='word_1_95' title='bbox 1794 1454 2095 1541; x_wconf 83' lang='grc' dir='ltr'><strong><em>εἰκότως,</em></strong></span> <span class='ocrx_word' id='word_1_96' title='bbox 2158 1459 2312 1541; x_wconf 82' lang='grc' dir='ltr'><strong><em>ἔφη,</em></strong></span> 
     </span>
     <span class='ocr_line' id='line_1_13' title="bbox 281 1560 2308 1650; baseline -0.001 -20"><span class='ocrx_word' id='word_1_97' title='bbox 281 1560 503 1650; x_wconf 87' lang='grc' dir='ltr'><strong><em>σοφὸν</em></strong></span> <span class='ocrx_word' id='word_1_98' title='bbox 557 1560 686 1650; x_wconf 80' lang='grc' dir='ltr'><strong><em>γὰρ</em></strong></span> <span class='ocrx_word' id='word_1_99' title='bbox 744 1560 919 1630; x_wconf 83' lang='grc' dir='ltr'><strong><em>εἶναι</em></strong></span> <span class='ocrx_word' id='word_1_100' title='bbox 975 1565 1086 1629; x_wconf 79' lang='grc' dir='ltr'><strong><em>δεῖ</em></strong></span> <span class='ocrx_word' id='word_1_101' title='bbox 1133 1561 1256 1629; x_wconf 85' lang='grc' dir='ltr'><strong><em>τὸν</em></strong></span> <span class='ocrx_word' id='word_1_102' title='bbox 1313 1560 1857 1648; x_wconf 79' lang='grc' dir='ltr'><strong><em>ἐπιγνωσόμενον</em></strong></span> <span class='ocrx_word' id='word_1_103' title='bbox 1900 1561 2023 1629; x_wconf 88' lang='grc' dir='ltr'><strong><em>τὸν</em></strong></span> <span class='ocrx_word' id='word_1_104' title='bbox 2069 1560 2308 1648; x_wconf 90' lang='grc' dir='ltr'><strong><em>σοφόν.</em></strong></span> 
     </span>
     <span class='ocr_line' id='line_1_14' title="bbox 281 1663 2015 1756; baseline -0.001 -20"><span class='ocrx_word' id='word_1_105' title='bbox 281 1672 544 1756; x_wconf 76' lang='grc' dir='ltr'><strong><em>πρῶτος</em></strong></span> <span class='ocrx_word' id='word_1_106' title='bbox 590 1667 666 1737; x_wconf 75' lang='grc' dir='ltr'><strong><em>δὲ</em></strong></span> <span class='ocrx_word' id='word_1_107' title='bbox 710 1665 924 1753; x_wconf 82' lang='grc' dir='ltr'><strong><em>εἶπεν,</em></strong></span> <span class='ocrx_word' id='word_1_108' title='bbox 972 1663 1399 1753; x_wconf 78' lang='grc' dir='ltr'><strong><em>ἀκατάληπτα</em></strong></span> <span class='ocrx_word' id='word_1_109' title='bbox 1444 1664 1618 1735; x_wconf 83' lang='grc' dir='ltr'><strong><em>εἶναι</em></strong></span> <span class='ocrx_word' id='word_1_110' title='bbox 1664 1665 1744 1735; x_wconf 76' lang='grc' dir='ltr'><strong><em>τὰ</em></strong></span> <span class='ocrx_word' id='word_1_111' title='bbox 1779 1667 2015 1735; x_wconf 91' lang='grc' dir='ltr'><strong><em>πάντα.</em></strong></span> 
     </span>
    </p>
   </div>
   <div class='ocr_carea' id='block_1_4' title="bbox 283 1824 2390 2145">
    <p class='ocr_par' dir='ltr' id='par_1_4' title="bbox 283 1824 2390 2145">
     <span class='ocr_line' id='line_1_15' title="bbox 1029 1824 1565 1915; baseline 0.004 -22"><span class='ocrx_word' id='word_1_112' title='bbox 1029 1828 1167 1895; x_wconf 86' lang='lat' dir='ltr'><strong>LII.</strong></span> <span class='ocrx_word' id='word_1_113' title='bbox 1214 1824 1565 1915; x_wconf 80' lang='grc' dir='ltr'><strong><em>Ὅμηρος.</em></strong></span> 
     </span>
     <span class='ocr_line' id='line_1_16' title="bbox 445 1949 2313 2041; baseline 0 -21"><span class='ocrx_word' id='word_1_114' title='bbox 445 1951 778 2041; x_wconf 81' lang='grc' dir='ltr'><strong><em>Ὅμηρος</em></strong></span> <span class='ocrx_word' id='word_1_115' title='bbox 815 1955 1174 2039; x_wconf 80' lang='grc' dir='ltr'><strong><em>ἱστορεῖται</em></strong></span> <span class='ocrx_word' id='word_1_116' title='bbox 1201 1954 1525 2037; x_wconf 75' lang='grc' dir='ltr'><strong><em>γενέσθαι</em></strong></span> <span class='ocrx_word' id='word_1_117' title='bbox 1552 1951 1837 2039; x_wconf 90' lang='grc' dir='ltr'><strong><em>τυφλός,</em></strong></span> <span class='ocrx_word' id='word_1_118' title='bbox 1881 1949 1975 2031; x_wconf 78' lang='grc' dir='ltr'><strong><em>ὡς</em></strong></span> <span class='ocrx_word' id='word_1_119' title='bbox 1999 1950 2092 2039; x_wconf 84' lang='grc' dir='ltr'><strong><em>μὴ</em></strong></span> <span class='ocrx_word' id='word_1_120' title='bbox 2120 1949 2313 2039; x_wconf 80' lang='grc' dir='ltr'><strong><em>ἡττη-</em></strong></span> 
     </span>
     <span class='ocr_line' id='line_1_17' title="bbox 283 2053 2390 2145; baseline -0.003 -18"><span class='ocrx_word' id='word_1_121' title='bbox 283 2060 434 2139; x_wconf 89' lang='grc' dir='ltr'><strong><em>θεὶς</em></strong></span> <span class='ocrx_word' id='word_1_122' title='bbox 480 2061 868 2145; x_wconf 80' lang='grc' dir='ltr'><strong><em>ἐπιθυμίας,</em></strong></span> <span class='ocrx_word' id='word_1_123' title='bbox 913 2053 955 2145; x_wconf 82' lang='grc' dir='ltr'>ἣ</span> <span class='ocrx_word' id='word_1_124' title='bbox 1005 2056 1120 2125; x_wconf 79' lang='grc' dir='ltr'><strong><em>διὰ</em></strong></span> <span class='ocrx_word' id='word_1_125' title='bbox 1166 2061 1302 2126; x_wconf 77' lang='grc' dir='ltr'><strong><em>τῶν</em></strong></span> <span class='ocrx_word' id='word_1_126' title='bbox 1352 2054 1730 2145; x_wconf 76' lang='grc' dir='ltr'><strong><em>ὀφθαλμῶν</em></strong></span> <span class='ocrx_word' id='word_1_127' title='bbox 1777 2061 2050 2144; x_wconf 81' lang='grc' dir='ltr'><strong><em>ἔρχεται.</em></strong></span> <span class='ocrx_word' id='word_1_128' title='bbox 2339 2082 2390 2122; x_wconf 89' lang='lat'><strong><em>15</em></strong></span> 
     </span>
    </p>
   </div>
   <div class='ocr_carea' id='block_1_5' title="bbox 925 2218 1664 2304">
    <p class='ocr_par' dir='ltr' id='par_1_5' title="bbox 925 2218 1664 2304">
     <span class='ocr_line' id='line_1_18' title="bbox 925 2218 1664 2304; baseline 0 -20"><span class='ocrx_word' id='word_1_129' title='bbox 925 2218 1095 2285; x_wconf 88' lang='lat' dir='ltr'><strong>LIII.</strong></span> <span class='ocrx_word' id='word_1_130' title='bbox 1161 2218 1664 2304; x_wconf 84' lang='grc' dir='ltr'><strong><em>Παλαμήδης.</em></strong></span> 
     </span>
    </p>
   </div>
   <div class='ocr_carea' id='block_1_6' title="bbox 287 2332 2312 2639">
    <p class='ocr_par' dir='ltr' id='par_1_6' title="bbox 287 2332 2312 2639">
     <span class='ocr_line' id='line_1_19' title="bbox 465 2332 2312 2428; baseline -0.002 -18"><span class='ocrx_word' id='word_1_131' title='bbox 465 2340 954 2428; x_wconf 83' lang='grc' dir='ltr'><strong><em>Παλαμήδης</em></strong></span> <span class='ocrx_word' id='word_1_132' title='bbox 1017 2332 1171 2428; x_wconf 82' lang='grc' dir='ltr'><strong><em>εὗρε</em></strong></span> <span class='ocrx_word' id='word_1_133' title='bbox 1234 2339 1310 2408; x_wconf 87' lang='grc' dir='ltr'><strong><em>τὸ</em></strong></span> <span class='ocrx_word' id='word_1_134' title='bbox 1370 2343 1426 2422; x_wconf 81' lang='grc' dir='ltr'><strong><em>ζ’</em></strong></span> <span class='ocrx_word' id='word_1_135' title='bbox 1488 2342 1600 2408; x_wconf 87' lang='grc' dir='ltr'><strong><em>καὶ</em></strong></span> <span class='ocrx_word' id='word_1_136' title='bbox 1657 2339 1733 2408; x_wconf 88' lang='grc' dir='ltr'><strong><em>π’</em></strong></span> <span class='ocrx_word' id='word_1_137' title='bbox 1791 2343 1904 2409; x_wconf 87' lang='grc' dir='ltr'><strong><em>καὶ</em></strong></span> <span class='ocrx_word' id='word_1_138' title='bbox 1955 2339 2034 2428; x_wconf 81' lang='grc' dir='ltr'><strong><em>φ’</em></strong></span> <span class='ocrx_word' id='word_1_139' title='bbox 2080 2341 2191 2407; x_wconf 88' lang='grc' dir='ltr'><strong><em>καὶ</em></strong></span> <span class='ocrx_word' id='word_1_140' title='bbox 2244 2341 2312 2426; x_wconf 86' lang='grc' dir='ltr'><strong><em>χ’</em></strong></span> 
     </span>
     <span class='ocr_line' id='line_1_20' title="bbox 287 2461 596 2535; baseline -0.006 -19"><span class='ocrx_word' id='word_1_141' title='bbox 287 2461 596 2535; x_wconf 80' lang='grc' dir='ltr'><strong><em>στοιχεῖα.</em></strong></span> 
     </span>
     <span class='ocr_line' id='line_1_21' title="bbox 971 2553 1633 2639; baseline 0.003 -20"><span class='ocrx_word' id='word_1_142' title='bbox 971 2553 1139 2620; x_wconf 89' lang='lat' dir='ltr'><strong>LIV.</strong></span> <span class='ocrx_word' id='word_1_143' title='bbox 1204 2556 1633 2639; x_wconf 86' lang='grc' dir='ltr'><strong><em>Πίνδαρος.</em></strong></span> 
     </span>
    </p>
   </div>
   <div class='ocr_carea' id='block_1_7' title="bbox 286 2672 2391 2873">
    <p class='ocr_par' dir='ltr' id='par_1_7' title="bbox 286 2672 2391 2873">
     <span class='ocr_line' id='line_1_22' title="bbox 463 2672 2312 2768; baseline -0.001 -24"><span class='ocrx_word' id='word_1_144' title='bbox 463 2679 876 2762; x_wconf 88' lang='grc' dir='ltr'><strong><em>Πίνδαρος</em></strong></span> <span class='ocrx_word' id='word_1_145' title='bbox 922 2673 957 2743; x_wconf 87' lang='grc' dir='ltr'>ὁ</span> <span class='ocrx_word' id='word_1_146' title='bbox 996 2675 1271 2764; x_wconf 87' lang='grc' dir='ltr'><strong><em>λυρικός</em></strong></span> <span class='ocrx_word' id='word_1_147' title='bbox 1313 2676 1589 2764; x_wconf 83' lang='grc' dir='ltr'><strong><em>αἰτήσας</em></strong></span> <span class='ocrx_word' id='word_1_148' title='bbox 1623 2674 1699 2751; x_wconf 80' lang='grc' dir='ltr'><strong><em>τὸ</em></strong></span> <span class='ocrx_word' id='word_1_149' title='bbox 1736 2673 2094 2743; x_wconf 88' lang='grc' dir='ltr'><strong><em>κάλλιστον</em></strong></span> <span class='ocrx_word' id='word_1_150' title='bbox 2133 2672 2312 2768; x_wconf 75' lang='grc' dir='ltr'><strong><em>αὐτῷ</em></strong></span> 
     </span>
     <span class='ocr_line' id='line_1_23' title="bbox 286 2779 2391 2873; baseline -0.001 -22"><span class='ocrx_word' id='word_1_151' title='bbox 286 2787 587 2869; x_wconf 83' lang='grc' dir='ltr'><strong><em>δοθῆναι</em></strong></span> <span class='ocrx_word' id='word_1_152' title='bbox 622 2785 758 2850; x_wconf 81' lang='grc' dir='ltr'><strong><em>τῶν</em></strong></span> <span class='ocrx_word' id='word_1_153' title='bbox 813 2784 888 2850; x_wconf 83' lang='grc' dir='ltr'><strong><em>ἐν</em></strong></span> <span class='ocrx_word' id='word_1_154' title='bbox 923 2785 1015 2873; x_wconf 79' lang='grc' dir='ltr'><strong><em>τῷ</em></strong></span> <span class='ocrx_word' id='word_1_155' title='bbox 1053 2787 1180 2873; x_wconf 74' lang='grc' dir='ltr'><strong><em>βίῳ</em></strong></span> <span class='ocrx_word' id='word_1_156' title='bbox 1220 2782 1482 2870; x_wconf 91' lang='grc' dir='ltr'><strong><em>ἀθρόον</em></strong></span> <span class='ocrx_word' id='word_1_157' title='bbox 1531 2779 1872 2849; x_wconf 73' lang='grc' dir='ltr'><strong><em>ἀπέθανεν</em></strong></span> <span class='ocrx_word' id='word_1_158' title='bbox 1910 2781 1984 2848; x_wconf 79' lang='grc' dir='ltr'><strong><em>ἐν</em></strong></span> <span class='ocrx_word' id='word_1_159' title='bbox 2019 2783 2313 2872; x_wconf 71' lang='grc' dir='ltr'><strong><em>θεάτρῳ,</em></strong></span> <span class='ocrx_word' id='word_1_160' title='bbox 2388 2818 2391 2822; x_wconf 28' lang='lat' dir='ltr'>v</span> 
     </span>
    </p>
   </div>
   <div class='ocr_carea' id='block_1_8' title="bbox 288 2903 2312 3066">
    <p class='ocr_par' dir='ltr' id='par_1_8' title="bbox 288 2903 2312 3066">
     <span class='ocr_line' id='line_1_24' title="bbox 428 2903 2312 2992; baseline -0.001 -13"><span class='ocrx_word' id='word_1_161' title='bbox 428 2924 546 2980; x_wconf 79' lang='lat' dir='ltr'><strong><em>Lu.</em></strong></span> <span class='ocrx_word' id='word_1_162' title='bbox 596 2922 810 2978; x_wconf 67' lang='lat' dir='ltr'><strong>fluidas.</strong></span> <span class='ocrx_word' id='word_1_163' title='bbox 884 2922 1028 2978; x_wconf 82' lang='lat' dir='ltr'><strong><em>Lm.</em></strong></span> <span class='ocrx_word' id='word_1_164' title='bbox 1070 2922 1270 2978; x_wconf 73' lang='lat' dir='ltr'><strong>snidas</strong></span> <span class='ocrx_word' id='word_1_165' title='bbox 1308 2903 1580 2992; x_wconf 67' lang='lat' dir='ltr'><strong>(Eudoeia</strong></span> <span class='ocrx_word' id='word_1_166' title='bbox 1615 2940 1669 2992; x_wconf 84' lang='lat' dir='ltr'><strong><em>p.</em></strong></span> <span class='ocrx_word' id='word_1_167' title='bbox 1711 2925 1857 2992; x_wconf 77' lang='lat'><strong>356).</strong></span> <span class='ocrx_word' id='word_1_168' title='bbox 1931 2921 2072 2980; x_wconf 83' lang='lat' dir='ltr'><strong><em>LIV.</em></strong></span> <span class='ocrx_word' id='word_1_169' title='bbox 2112 2923 2312 2979; x_wconf 74' lang='lat' dir='ltr'><strong>Suidas</strong></span> 
     </span>
     <span class='ocr_line' id='line_1_25' title="bbox 288 2995 1726 3066; baseline -0.001 -15"><span class='ocrx_word' id='word_1_170' title='bbox 288 2995 561 3066; x_wconf 76' lang='lat' dir='ltr'>(Eudooia</span> <span class='ocrx_word' id='word_1_171' title='bbox 593 3013 649 3064; x_wconf 83' lang='lat' dir='ltr'><strong><em>p.</em></strong></span> <span class='ocrx_word' id='word_1_172' title='bbox 687 2996 831 3064; x_wconf 79' lang='lat'><strong>358).</strong></span> <span class='ocrx_word' id='word_1_173' title='bbox 1720 3031 1726 3035; x_wconf 83' lang='lat'>-</span> 
     </span>
    </p>
   </div>
   <div class='ocr_carea' id='block_1_9' title="bbox 288 3094 715 3109">
    <p class='ocr_par' dir='ltr' id='par_1_9' title="bbox 288 3094 715 3109">
     <span class='ocr_line' id='line_1_26' title="bbox 288 3094 715 3109; baseline 0 781"><span class='ocrx_word' id='word_1_174' title='bbox 288 3094 715 3109; x_wconf 95' lang='lat' dir='ltr'><strong><em> </em></strong></span> 
     </span>
    </p>
   </div>
   <div class='ocr_carea' id='block_1_10' title="bbox 432 3130 2313 3207">
    <p class='ocr_par' dir='ltr' id='par_1_10' title="bbox 432 3130 2313 3207">
     <span class='ocr_line' id='line_1_27' title="bbox 432 3130 2313 3207; baseline -0.002 -16"><span class='ocrx_word' id='word_1_175' title='bbox 432 3146 471 3191; x_wconf 81' lang='lat'><strong><em>1&#39;</em></strong></span> <span class='ocrx_word' id='word_1_176' title='bbox 501 3132 573 3193; x_wconf 78' lang='grc' dir='ltr'><strong><em>οὗ</em></strong></span> <span class='ocrx_word' id='word_1_177' title='bbox 606 3132 1035 3207; x_wconf 85' lang='grc' dir='ltr'><strong><em>παραλλάκτους</em></strong></span> <span class='ocrx_word' id='word_1_178' title='bbox 1069 3136 1178 3190; x_wconf 84' lang='grc' dir='ltr'><strong><em>ΑΒ</em></strong></span> <span class='ocrx_word' id='word_1_179' title='bbox 1215 3136 1369 3205; x_wconf 83' lang='lat' dir='ltr'><strong>vulg.</strong></span> <span class='ocrx_word' id='word_1_180' title='bbox 1444 3130 1512 3189; x_wconf 78' lang='grc' dir='ltr'><strong><em>οὗ</em></strong></span> <span class='ocrx_word' id='word_1_181' title='bbox 1550 3131 1946 3204; x_wconf 81' lang='grc' dir='ltr'><strong><em>παραλάκτους</em></strong></span> <span class='ocrx_word' id='word_1_182' title='bbox 1981 3151 2017 3188; x_wconf 84' lang='lat' dir='ltr'>a</span> <span class='ocrx_word' id='word_1_183' title='bbox 2053 3148 2190 3188; x_wconf 79' lang='lat' dir='ltr'><strong>corr.</strong></span> <span class='ocrx_word' id='word_1_184' title='bbox 2220 3150 2313 3187; x_wconf 78' lang='lat' dir='ltr'><strong><em>am</em></strong></span> 
     </span>
    </p>
   </div>
   <div class='ocr_carea' id='block_1_11' title="bbox 162 3200 2435 3278">
    <p class='ocr_par' dir='ltr' id='par_1_11' title="bbox 162 3200 2435 3278">
     <span class='ocr_line' id='line_1_28' title="bbox 162 3200 2435 3278; baseline -0.004 -14"><span class='ocrx_word' id='word_1_185' title='bbox 162 3234 181 3242; x_wconf 48' lang='grc'><em>”</em></span> <span class='ocrx_word' id='word_1_186' title='bbox 288 3204 757 3278; x_wconf 80' lang='grc' dir='ltr'><strong><em>ἀπαραλλάκτους</em></strong></span> <span class='ocrx_word' id='word_1_187' title='bbox 786 3206 1116 3262; x_wconf 77' lang='lat' dir='ltr'><strong>Huebnerus</strong></span> <span class='ocrx_word' id='word_1_188' title='bbox 1190 3203 1648 3276; x_wconf 84' lang='grc' dir='ltr'><strong><em>ἀπαραλείπτους</em></strong></span> <span class='ocrx_word' id='word_1_189' title='bbox 1688 3205 1782 3261; x_wconf 82' lang='lat' dir='ltr'><strong><em>vel</em></strong></span> <span class='ocrx_word' id='word_1_190' title='bbox 1819 3200 2314 3274; x_wconf 80' lang='grc' dir='ltr'><strong><em>εὖπαραλλάκτους</em></strong></span> <span class='ocrx_word' id='word_1_191' title='bbox 2416 3233 2435 3241; x_wconf 80' lang='lat'><em>—</em></span> 
     </span>
    </p>
   </div>
   <div class='ocr_carea' id='block_1_12' title="bbox 286 3273 2315 3561">
    <p class='ocr_par' dir='ltr' id='par_1_12' title="bbox 286 3273 2315 3561">
     <span class='ocr_line' id='line_1_29' title="bbox 289 3273 2311 3348; baseline -0.004 -13"><span class='ocrx_word' id='word_1_192' title='bbox 289 3280 431 3335; x_wconf 80' lang='lat' dir='ltr'><strong>coni.</strong></span> <span class='ocrx_word' id='word_1_193' title='bbox 448 3300 458 3308; x_wconf 92' lang='lat'><strong>·</strong></span> <span class='ocrx_word' id='word_1_194' title='bbox 478 3279 622 3348; x_wconf 86' lang='lat' dir='ltr'><strong>Aug.</strong></span> <span class='ocrx_word' id='word_1_195' title='bbox 668 3276 906 3333; x_wconf 74' lang='lat' dir='ltr'><strong>Brandis</strong></span> <span class='ocrx_word' id='word_1_196' title='bbox 987 3273 1056 3331; x_wconf 80' lang='grc' dir='ltr'><strong><em>οὗ</em></strong></span> <span class='ocrx_word' id='word_1_197' title='bbox 1100 3277 1347 3333; x_wconf 79' lang='lat' dir='ltr'><strong>removit</strong></span> <span class='ocrx_word' id='word_1_198' title='bbox 1392 3275 1637 3331; x_wconf 75' lang='lat' dir='ltr'><strong>Cobetus</strong></span> <span class='ocrx_word' id='word_1_199' title='bbox 1701 3276 1932 3332; x_wconf 74' lang='lat' dir='ltr'><strong>seclusit</strong></span> <span class='ocrx_word' id='word_1_200' title='bbox 1966 3273 2171 3329; x_wconf 78' lang='lat' dir='ltr'>Mfiller</span> <span class='ocrx_word' id='word_1_201' title='bbox 2278 3279 2311 3327; x_wconf 77' lang='lat'><strong>3</strong></span> 
     </span>
     <span class='ocr_line' id='line_1_30' title="bbox 288 3319 2315 3420; baseline -0.004 -14"><span class='ocrx_word' id='word_1_202' title='bbox 288 3347 556 3420; x_wconf 81' lang='grc' dir='ltr'><strong><em>αἷρούσης</em></strong></span> <span class='ocrx_word' id='word_1_203' title='bbox 591 3365 628 3403; x_wconf 79' lang='lat' dir='ltr'><strong>a</strong></span> <span class='ocrx_word' id='word_1_204' title='bbox 729 3354 795 3402; x_wconf 82' lang='lat'><strong><em>14</em></strong></span> <span class='ocrx_word' id='word_1_205' title='bbox 830 3345 1044 3417; x_wconf 82' lang='grc' dir='ltr'><strong><em>τυφλὸς</em></strong></span> <span class='ocrx_word' id='word_1_206' title='bbox 1079 3344 1144 3403; x_wconf 76' lang='grc' dir='ltr'><strong><em>ἐκ</em></strong></span> <span class='ocrx_word' id='word_1_207' title='bbox 1179 3349 1404 3403; x_wconf 82' lang='grc' dir='ltr'><strong><em>παίδων</em></strong></span> <span class='ocrx_word' id='word_1_208' title='bbox 1439 3319 1711 3418; x_wconf 50' lang='grc' dir='ltr'><strong><em>γεγονός,</em></strong></span> <span class='ocrx_word' id='word_1_209' title='bbox 1748 3343 1814 3401; x_wconf 86' lang='grc' dir='ltr'><strong><em>τὸ</em></strong></span> <span class='ocrx_word' id='word_1_210' title='bbox 1853 3344 1917 3401; x_wconf 73' lang='grc' dir='ltr'><strong><em>δὲ</em></strong></span> <span class='ocrx_word' id='word_1_211' title='bbox 1955 3342 2188 3413; x_wconf 80' lang='grc' dir='ltr'><strong><em>ἀληθές,</em></strong></span> <span class='ocrx_word' id='word_1_212' title='bbox 2225 3337 2315 3398; x_wconf 77' lang='grc' dir='ltr'><strong><em>ὅτι</em></strong></span> 
     </span>
     <span class='ocr_line' id='line_1_31' title="bbox 290 3409 2315 3492; baseline -0.004 -15"><span class='ocrx_word' id='word_1_213' title='bbox 290 3416 392 3492; x_wconf 72' lang='grc' dir='ltr'><strong><em>οὔχ</em></strong></span> <span class='ocrx_word' id='word_1_214' title='bbox 436 3414 659 3490; x_wconf 82' lang='grc' dir='ltr'><strong><em>ἡττήθη</em></strong></span> <span class='ocrx_word' id='word_1_215' title='bbox 709 3414 1019 3489; x_wconf 79' lang='grc' dir='ltr'><strong><em>ἐπιθυμίας</em></strong></span> <span class='ocrx_word' id='word_1_216' title='bbox 1065 3418 1264 3475; x_wconf 78' lang='lat' dir='ltr'><strong>Suidas</strong></span> <span class='ocrx_word' id='word_1_217' title='bbox 1346 3416 1621 3488; x_wconf 82' lang='grc' dir='ltr'><strong><em>ἡττηθείη</em></strong></span> <span class='ocrx_word' id='word_1_218' title='bbox 1668 3421 1720 3473; x_wconf 83' lang='grc' dir='ltr'><strong>Α</strong></span> <span class='ocrx_word' id='word_1_219' title='bbox 1832 3422 1896 3470; x_wconf 81' lang='grc'><strong><em>15</em></strong></span> <span class='ocrx_word' id='word_1_220' title='bbox 1933 3409 1970 3484; x_wconf 78' lang='grc' dir='ltr'>ἢ</span> <span class='ocrx_word' id='word_1_221' title='bbox 2019 3431 2056 3468; x_wconf 79' lang='lat' dir='ltr'><strong>a</strong></span> <span class='ocrx_word' id='word_1_222' title='bbox 2166 3421 2231 3469; x_wconf 81' lang='lat'><strong><em>16</em></strong></span> <span class='ocrx_word' id='word_1_223' title='bbox 2268 3418 2315 3468; x_wconf 83' lang='grc' dir='ltr'><strong><em>θ</em></strong></span> 
     </span>
     <span class='ocr_line' id='line_1_32' title="bbox 286 3485 2100 3561; baseline -0.003 -16"><span class='ocrx_word' id='word_1_224' title='bbox 286 3508 389 3561; x_wconf 86' lang='lat' dir='ltr'><strong><em>pro</em></strong></span> <span class='ocrx_word' id='word_1_225' title='bbox 425 3511 468 3546; x_wconf 85' lang='grc' dir='ltr'><strong><em>π</em></strong></span> <span class='ocrx_word' id='word_1_226' title='bbox 502 3488 808 3560; x_wconf 78' lang='lat' dir='ltr'><strong>legendum</strong></span> <span class='ocrx_word' id='word_1_227' title='bbox 842 3489 1065 3545; x_wconf 65' lang='lat' dir='ltr'><strong>monuit</strong></span> <span class='ocrx_word' id='word_1_228' title='bbox 1095 3489 1401 3547; x_wconf 75' lang='lat' dir='ltr'><strong>Kuesterus</strong></span> <span class='ocrx_word' id='word_1_229' title='bbox 1438 3487 1701 3544; x_wconf 76' lang='lat' dir='ltr'><strong>laudatus</strong></span> <span class='ocrx_word' id='word_1_230' title='bbox 1737 3485 2100 3553; x_wconf 79' lang='lat' dir='ltr'>Bernhardyo</span> 
     </span>
    </p>
   </div>
  </div>
 </body>
</html>
