2646 3890
1109 217 1565 265 —xn—

319 381 561 426 nomen
629 360 1021 445 titulumque
1085 360 1155 424 in
1218 360 1513 443 margine
1576 359 2023 444 adscripsisse,
2082 360 2352 427 illustris

320 449 493 513 illius
590 449 927 534 scriptoris
1017 448 1256 515 librum
1342 449 1413 512 in
1499 448 1798 515 manibus
1888 470 2027 514 sese
2113 449 2356 515 habere

319 536 576 623 ratos.²)
656 536 795 604 Nec
841 539 1108 622 mirum,
1146 537 1316 623 quod
1356 541 1686 603 auctorem
1723 537 1914 601 illum
1960 558 2354 624 exsanguem

320 629 388 690 et
415 626 689 710 aridum,
717 627 973 710 qualem
1002 625 1405 710 Hesychium
1431 628 1731 691 nostrum
1758 647 1898 693 esse
1927 627 2098 710 apud
2128 649 2353 692 omnes

319 736 495 780 nunc
542 714 612 780 in
657 714 958 781 confesso
997 718 1128 799 est,
1164 736 1387 780 verum
1428 717 1494 779 et
1531 734 1913 799 germanum
1952 714 2354 800 Hesychium

324 803 764 888 opinabantur
827 825 998 886 esse,
1064 804 1245 868 cuius
1310 803 1948 887 praestantissimum
2015 804 2354 890 ingenium

323 914 705 976 summaque
751 892 1028 957 eruditio
1077 892 1369 956 omnium
1418 892 1715 957 laudibus
1755 892 2079 957 celebrata
2116 898 2355 978 essent,

323 1002 468 1046 cum
524 985 752 1046 nostra
808 981 1065 1045 demu‘m
1123 983 1335 1044 aetate
1392 981 1626 1045 eximia
1679 980 1934 1046 Lehrsii
1996 982 2354 1066 sagacitate

324 1069 577 1134 indoles
616 1069 803 1135 illius
845 1069 1186 1154 nugatoris
1225 1073 1291 1136 et
1328 1090 1483 1135 cura
1518 1069 1779 1153 penitus
1816 1069 2215 1153 introspecta
2250 1071 2355 1137 sit.

454 1156 596 1222 Iam
642 1161 876 1242 restat,
903 1162 978 1222 ut
1009 1155 1385 1223 Schneideri
1423 1155 1832 1243 (Callimach.
1871 1157 1938 1222 II
1973 1182 2035 1242 p.
2064 1159 2154 1224 24
2189 1158 2353 1245 not.)

321 1266 678 1331 repugnem
717 1246 1106 1331 sententiae,
1143 1246 1335 1313 unius
1374 1246 1525 1330 viri,
1563 1248 1675 1331 qui
1710 1250 2059 1332 postquam
2097 1247 2353 1313 Lehrsii

321 1335 694 1401 dissertatio
750 1335 821 1401 in
874 1336 1084 1401 lucem
1139 1335 1418 1420 prodiit,
1472 1338 1768 1399 nostrum
1816 1334 2218 1418 Hesychium
2276 1357 2354 1399 ex

322 1445 634 1510 germano
692 1423 954 1489 fluxisse
1010 1445 1397 1509 persuasum
1451 1423 1752 1489 habebat.
1845 1420 1970 1487 Sed
2016 1424 2124 1489 vix
2180 1425 2351 1509 quic·

321 1535 516 1598 quam
578 1511 810 1578 addere
870 1534 1034 1596 opus
1096 1515 1195 1577 est
1256 1513 1340 1577 ad
1397 1534 1500 1596 ea,
1561 1533 1725 1596 quae
1770 1511 2155 1578 Untersuch.
2202 1535 2264 1597 p.
2309 1514 2355 1578 4

321 1605 459 1668 not.
534 1602 818 1685 exposui.
930 1599 1276 1666 Statuebat
1359 1601 1688 1667 enimvero
1761 1602 1861 1666 vir
1943 1601 2352 1667 doctissimus

324 1688 618 1756 ordinem
678 1690 1015 1754 literarum
1076 1689 1563 1772 alphabeticum
1626 1691 1697 1753 in
1766 1691 1992 1755 nostro
2052 1693 2355 1774 tractatu,

324 1790 518 1863 quem
565 1778 843 1844 omnino-
870 1779 1096 1842 abesse
1133 1778 1266 1842 iam
1302 1777 1614 1842 Lehrsius
1653 1777 1898 1860 docuit,
1936 1799 2082 1842 cum
2118 1800 2201 1842 ne
2237 1800 2355 1863 per

323 1888 521 1932 unam
553 1866 810 1952 quidem
838 1866 1096 1931 literam
1126 1870 1434 1931 servetur.
1496 1866 1765 1931 Accedit
1798 1870 2151 1952 praeterea,
2179 1868 2353 1952 quod

321 1955 728 2041 Hesychium
786 1957 1003 2040 ipsum
1061 1978 1195 2021 non
1257 1956 1482 2021 ordine
1546 1955 1955 2039 alphabetico
2022 1956 2134 2020 sed
2190 1958 2354 2021 anti-

323 2045 638 2111 stoichico
669 2068 861 2110 usum
890 2066 1031 2109 esse
1061 2046 1354 2128 suspicor
1392 2041 1501 2129 (cf.
1528 2043 1917 2110 Untersuch.
1946 2068 2008 2130 p.
2042 2046 2169 2110 176
2199 2048 2355 2130 not.,

325 2154 490 2218 quae
535 2134 780 2198 frustra
817 2134 1164 2219 impugnat
1198 2132 1494 2199 Daubius
1540 2133 1583 2199 l.
1622 2155 1673 2199 c.
1718 2156 1779 2218 p.
1814 2133 1944 2219 10),
1972 2134 2039 2198 id
2067 2134 2238 2217 quod
2276 2156 2354 2198 ex

252 2255 261 2274 ·
325 2220 560 2287 Suidae
599 2221 1054 2324 Eudociaeque
1100 2223 1253 2287 vitis
1302 2220 1461 2286 satis
1501 2221 1777 2286 dilucide
1815 2225 2104 2305 apparet,
2146 2243 2353 2306 neque

254 2360 261 2368 .
324 2311 408 2376 ad
455 2310 717 2395 singula
743 2311 959 2394 poesis
991 2310 1096 2375 vel
1121 2332 1355 2395 prosae
1385 2310 1702 2375 orationis
1733 2330 1976 2394 genera
2011 2311 2354 2375 materiam

325 2422 510 2465 suam
550 2398 976 2483 distribuisse,
1006 2399 1119 2463 sed
1155 2399 1237 2464 ad
1275 2421 1422 2463 eum
1458 2398 1793 2463 nominum
1824 2398 2135 2483 ordinem,
2163 2421 2354 2484 quem

325 2482 683 2572 ὁμωνυμία
754 2509 1061 2555 vocamus
1126 2525 1213 2534 -—
1276 2510 1409 2571 qua
1472 2488 1549 2552 de
1612 2509 1681 2552 re
1752 2487 1937 2553 docte
2001 2487 2356 2571 disputavit

325 2576 406 2641 D.
453 2575 914 2642 Volkmannus
961 2612 1044 2623 ·-
1094 2577 1262 2642 unde
1310 2577 1600 2641 ordinem
1646 2576 1832 2640 illum
1881 2574 2357 2660 „Stes1choruS,

294 2691 295 2696 ¹
325 2663 590 2750 Sappho
601 2715 620 2748 ,
649 2662 1046 2750 Sophocles“
1080 2686 1214 2730 non
1249 2664 1581 2749 Hesychio
1621 2664 1839 2730 deberi
1879 2664 1991 2728 sed
2028 2685 2353 2747 anonymo

324 2754 440 2818 isti
476 2753 745 2819 eluceat.
811 2753 989 2830 Quae
1018 2775 1164 2818 cum
1201 2754 1295 2818 ita
1334 2754 1496 2837 sint,
1533 2751 1998 2817 Schneiderum
2040 2753 2355 2818 erravisse

325 2863 572 2907 censeo,

471 3051 519 3134 ¹)
554 3050 770 3106 Eodem
806 3051 922 3106 fere
959 3051 1128 3106 modo
1166 3066 1359 3105 errans
1398 3050 1585 3105 Schol.
1616 3050 1911 3137 Aristoph.
1930 3051 2077 3105 Nub.
2105 3055 2226 3118 540,
2257 3050 2354 3118 qui

325 3122 395 3177 de
414 3120 596 3178 tribus
611 3120 862 3176 saltandi
886 3122 1187 3191 generibus
1205 3122 1380 3176 verba
1398 3121 1552 3190 fecit,
1573 3117 1837 3191 Ησύχιον
1856 3117 1955 3175 τὸν
1971 3092 2354 3191 Ἰλλούστριον,

326 3194 391 3247 ut
427 3210 530 3247 sua
567 3193 941 3259 confirmaret,
969 3193 1288 3263 allegavit
1271 3211 1333 3247 111
1362 3209 1430 3247 ea
1456 3209 1542 3261 re,
1574 3209 1719 3262 quae
1738 3193 1798 3246 in
1816 3192 2086 3260 Hesychii
2113 3192 2352 3247 Alexan-

329 3263 480 3317 drini
515 3264 792 3333 glossario
831 3281 872 3319 s.
911 3283 964 3322 v.
1004 3266 1241 3326 σίκιννις
1278 3263 1534 3334 exposita
1571 3265 1671 3319 est.
