2646 3890
1177 216 1572 281 ...2-

1083 374 1201 442 ΠΙ.
1266 375 1672 460 Αἰσχίνης.

541 497 933 583 Αἰσχίνης
986 491 1023 564 6
1080 499 1204 565 τοῦ
1260 493 1757 566 ἀλλαντοποιοῦ
1814 495 2198 584 διεβάλλετο
2258 493 2391 566 ὑπὸ

369 599 779 689 Μενεδήμου
830 604 955 670 τοῦ
1011 598 1425 692 Ἐρετριέως,
1488 599 1579 685 ὡς
1636 601 1792 684 τοὺς
1847 605 2201 682 πλείστους
2247 605 2392 671 δια-

356 706 605 795 λόγους
640 704 841 787 ὄντας
865 707 1276 797 Σωκράτους
1307 705 1783 796 ὑποβάλλοιτο,
1821 708 2189 797 λαμβάνων
2217 706 2392 797 παρὰ

355 814 784 901 Ξανθίππης,
828 803 930 881 οἷν
976 816 1059 881 οἰ.
1084 811 1496 902 καλούμενοι
1538 812 1867 902 ἀκέφαλοι
1904 814 2172 903 σφόδρα
2216 815 2393 883 εἰσὶν

301 939 329 982 5
355 919 784 1008 ἐκλελυμένοι
843 920 959 989 καὶ
1024 916 1150 988 οὐκ
1212 920 1683 1011 ἐπιφαίνοντες
1753 919 1881 1009 τὴν
1944 918 2391 1010 Σωκρατικὴν

352 1022 685 1094 εὐτονίαν.
753 1024 1000 1095 τοῦτόν
1055 1045 1224 1112 φασι
1278 1023 1371 1094 δι’
1431 1024 1723 1115 ἀπορίαν
1769 1029 2003 1097 ἐλθεῖν
2049 1031 2145 1107 εἰς
2189 1033 2387 1095 Σικε-

352 1135 517 1200 λίαν
558 1129 728 1220 πρὸς
765 1128 1175 1218 Διονύσιον,
1227 1133 1342 1201 καὶ
1402 1129 1538 1202 ὑπὸ
1600 1132 1726 1221 μὲν
1791 1133 2161 1213 Πλάτωνος
2222 1154 2389 1219 παρ-

353 1241 691 1326 οφθῆναι,
736 1236 868 1308 ὑπὸ
915 1236 993 1307 δὲ
1039 1234 1473 1328 Ἀριστίππου
1530 1243 1987 1328 συσταθῆναι,
2053 1238 2263 1308 δόντα
2315 1240 2393 1308 τέ

351 1370 542 1426 τινας
592 1347 731 1413 τῶν
785 1345 1124 1432 διαλόγων
1172 1346 1359 1433 δῶρα
1405 1350 1665 1434 λαβεῖν,
1712 1343 1912 1416 ἔπειτ’
1963 1343 2387 1435 ἀφικόμενον

272 1479 325 1520 ιο
346 1446 670 1539 Ἀθήναζε
742 1448 833 1539 μὴ
904 1453 1167 1538 τολμᾶν
1239 1448 1689 1539 σοφιστεύειν,
1761 1448 2387 1539 ἐνευδοκιμούντων

349 1555 499 1625 τότε
562 1582 699 1625 των
764 1554 915 1644 περὶ
971 1554 1343 1644 Πλάτωνα,
1401 1558 1777 1645 ἐμμίσθους
1831 1555 1909 1626 δὲ
1963 1583 2081 1639 τας
2142 1553 2386 1643 ἀκροά-

351 1682 489 1743 σεις
524 1671 885 1732 ποιεῖσθαι.
944 1661 1195 1732 τούτου
1230 1661 1392 1744 τοὺς
1428 1661 1793 1751 διαλόγους
1826 1665 1939 1732 καὶ
1960 1661 2382 1751 Ἀρίστιππος

227 1835 230 1840 .
349 1766 757 1838 ὖπωπτευεν.
813 1767 888 1837 ἐν
932 1770 1115 1854 γοῦν
1144 1766 1510 1856 mus
1540 1764 2128 1856 ἀναγινωσκοντος
2173 1764 2387 1836 αὐτοῦ
2437 1766 2446 1777 ’

350 1893 518 1964 φασι
565 1877 856 1961 σκῶψαι,
902 1871 1206 1961 εἰπόντα,
1243 1871 1499 1942 Πόθεν
1545 1877 1685 1961 σοί,
1730 1872 1971 1964 λῃστά,
2017 1876 2261 1954 ταῦτα·

1020 2052 1137 2120 IV.
1196 2048 1716 2137 Ἀρίστιππος.

271 2204 323 2246 15
522 2172 1022 2262 Ἀρίστιππος
1065 2171 1103 2242 6
1142 2180 1538 2263 Κυρηναῖος
1580 2174 1699 2255 τὰς
1752 2172 2008 2263 ἡδονὰς
2058 2173 2186 2264 μὲν
2238 2200 2384 2262 μετ-

349 2286 615 2369 εδίωκε,
669 2280 859 2373 πόνῳ
916 2278 994 2349 δὲ
1048 2276 1376 2367 οὐδεμίαν
1431 2281 1809 2350 ἀπόλαυσιν
1853 2280 2071 2366 ἐθήρα
2114 2283 2252 2349 των
2300 2278 2386 2349 οὗ

347 2392 734 2477 παρόντων,
790 2384 960 2457 ὅθεν
1024 2383 1062 2454 6
1126 2385 1466 2474 Διογένης
1521 2383 1877 2472 βασιλικὸν
1938 2384 2116 2453 κύνα
2170 2383 2382 2455 αὐτὸν

349 2494 584 2565 ἐκάλει.
650 2485 847 2575 οὗτος
911 2493 1304 2581 ἐρωτηθείς,
1360 2496 1434 2560 τί
1478 2491 1686 2562 πλέον
1741 2496 2014 2580 ἔχουσιν
2069 2495 2142 2560 οἱ
2191 2495 2382 2581 φιλό-

349 2621 584 2691 σοφοι,
631 2605 788 2689 ἔφη·
831 2625 920 2667 αν
956 2596 1201 2679 πάντες
1239 2601 1311 2667 οἰ
1354 2597 1555 2686 νόμοι
1592 2595 2087 2686 ἀναιρεθωσιν,
2136 2595 2385 2685 ὁμοίως

491 2742 589 2797 ΠΙ.
625 2739 792 2827 Diog.
811 2741 900 2827 11,
938 2745 1168 2796 60-62.
1276 2738 1377 2796 IV.
1424 2737 1588 2809 Diog.
1626 2738 1702 2824 H
1737 2744 1805 2794 66
1853 2729 2019 2801 οὗτος
2063 2770 2132 2779 -
2181 2735 2380 2813 βιώσο-

348 2831 454 2883 μεν
492 2817 582 2882 68,
679 2806 956 2900 ἀργυριον
982 2840 1053 2852 ·-
1081 2805 1389 2899 ἀργυρίους
1416 2815 1503 2879 72,
1601 2827 1743 2897 προς
1776 2804 1881 2864 τὸν
1908 2840 1976 2850 —
2005 2809 2256 2879 χρῆσθαι
2293 2816 2383 2883 74,

350 2854 767 2953 ἐρωτηθεὶς-
802 2879 1106 2954 χρήσονται
1140 2887 1230 2954 80,
1300 2880 1460 2944 τέλος
1496 2911 1565 2921 -
1601 2874 2029 2951 ἀναδιδομένην
2059 2884 2154 2937 85.

495 3048 523 3097 1
574 3037 605 3098 6
651 3042 908 3129 Χαρίνου
954 3040 1240 3124 Diogenes
1384 3046 1417 3095 2
1463 3035 1636 3109 Μεδή
1601 3058 1748 3112 ημου
1786 3039 1830 3095 0
1899 3089 1902 3094 .
1972 3046 2009 3095 4
2054 3029 2135 3094 ὧν
2180 3035 2241 3095 οἱ
2272 3037 2381 3110 μὲν

347 3112 632 3203 Diogenes
704 3104 785 3167 ὃν
824 3110 866 3169 C
948 3119 983 3169 6
1021 3111 1163 3181 φασὶ
1197 3110 1333 3167 libri
1369 3127 1578 3180 omnes,
1616 3109 1794 3180 φασιν
1833 3110 1926 3167 Or.
1998 3112 2308 3181 ὃιαπορίαν
2344 3128 2381 3167 a.

348 3179 431 3242 δι’
451 3202 602 3255 απορ
605 3184 702 3239 ίαν
730 3199 822 3238 am
918 3188 956 3239 8
985 3200 1120 3239 συστ
1159 3202 1259 3238 ναι
1276 3181 1560 3272 Diogenes
1630 3187 1663 3236 9
1678 3176 1966 3267 διαλόγων
1984 3179 2080 3238 ΑΟ
2094 3181 2380 3252 Diogenes

346 3243 531 3324 λόγων
568 3204 776 3323 reliqui
801 3253 934 3310 libri
961 3257 1022 3311 et
1047 3203 1176 3311 edX.
1289 3259 1357 3310 10
1385 3247 1845 3337 εὐδοκιμούντων
1872 3250 2173 3323 Diogenes,
2212 3267 2381 3321 quem

349 3341 419 3380 ex
443 3327 637 3382 nostro
665 3324 1060 3396 corrigendum
1087 3325 1309 3381 censuit
1334 3323 1541 3381 Malloi·
1649 3330 1714 3379 11
1744 3323 1857 3378 τῶν
1885 3323 2018 3379 anbe
2044 3321 2177 3395 περὶ
2203 3337 2313 3379 οιιι.
2337 3320 2379 3379 C

350 3394 448 3479 καὶ
480 3389 830 3483 Ἀρίστιππον
864 3397 998 3465 post
1032 3393 1317 3452 Πλάτωνα
1363 3394 1493 3452 add.
1531 3393 1815 3483 Diogenen
1979 3400 2047 3451 16
2082 3393 2183 3449 καὶ
2216 3388 2379 3463 θύρα

349 3466 462 3521 τῶν
501 3465 542 3521 C
689 3471 757 3521 1⁷
798 3460 942 3522 οθεν
979 3465 1078 3522 καὶ
1114 3472 1183 3523 A.
1223 3466 1506 3537 Diogenes
1578 3484 1756 3522 αυτον
1793 3482 1904 3523 οιιι.
1942 3463 1985 3520 C
