2646 3890
1077 247 1518 314 —55-

280 402 432 484 υίὸς
474 395 563 490 ἦν
607 408 732 474 τοῦ
776 402 1048 492 πρώτου
1093 406 1425 491 σοφιστοῦ
1476 398 1940 492 Φιλοστράτου
1986 410 2318 492 Λημνίου.

285 501 487 591 οὗτος
540 507 578 580 ὁ
635 510 949 598 δεύτερος
1002 512 1485 598 ἐσοφίστευσεν
1540 511 1616 578 ἐν
1655 507 2007 598 Ἀθήναις,
2054 508 2196 580 εἶτα
2241 512 2317 579 ἐν

274 614 499 707 Ῥώμῃ
548 618 655 686 ἐπὶ
698 617 1021 707 Σεβήρου
1063 619 1187 686 τοῦ
1230 617 1579 705 βασιλέως.

881 779 1225 847 LXXVII.
1288 779 1691 914 Χοιρίλος.

459 896 836 980 Χοιρίλος
898 892 1164 981 Σάμιος
1247 888 1527 978 ποιητὴς
1594 897 1843 981 ἔγραψε
1923 890 2051 979 τὴν
2117 888 2317 979 Ἀθη-

278 1003 495 1066 ναίων
557 1001 757 1084 νίκην
817 996 985 1087 κατὰ
1045 1000 1333 1087 Ξέρξου,
1393 993 1501 1084 ἐφ’
1567 987 1651 1065 οῦ
1716 997 2085 1085 ποιήματος
2148 996 2316 1066 κατὰ
2344 1021 2371 1063 5

280 1108 514 1190 στίχον
560 1108 852 1193 στατῆρα
897 1109 1199 1194 χρυσοῦν
1246 1109 1443 1190 ἔλαβε
1493 1103 1608 1171 καὶ
1653 1101 1785 1172 σὺν
1843 1116 1986 1183 τοῖς
2022 1100 2316 1191 Ομήρου

279 1204 875 1295 ἀναγινώσκεσθαι
918 1211 1290 1297 ἐψηφίσθη.

847 1368 1209 1435 LXXVIII.
1270 1366 1752 1456 Χρύσιππος.

461 1480 930 1568 Χρύσιππον
966 1480 1088 1551 τὸν
1126 1481 1518 1568 φιλόσοφον
1560 1487 1914 1551 αἰτιῶνταί
1941 1508 2121 1563 τινες
2154 1507 2317 1570 προ-

285 1598 476 1655 νοεῖν
520 1587 837 1675 λέγοντα,
885 1585 1064 1669 ὅπως
1106 1588 1468 1674 ποριστέον
1511 1590 1602 1678 τῷ
1652 1591 1860 1679 σοφῷ.
1942 1589 2112 1676 φασὶ
2155 1588 2314 1677 γάρ·

278 1697 467 1773 τίνος
524 1693 727 1780 χάριν
795 1696 1155 1780 ποριστέον
1212 1691 1427 1785 αὐτῷς
1497 1697 1562 1761 εἰ
1624 1692 1750 1780 μὲν
1821 1691 1950 1782 γὰρ
2007 1697 2134 1762 τοῦ
2194 1697 2314 1782 ζῆν
2346 1722 2398 1761 ιο
2461 1784 2466 1788 .

281 1800 504 1886 ἕνεκα,
567 1797 955 1889 ἀδιάφορον
1013 1796 1091 1867 τὸ
1152 1802 1302 1885 ζῆν,
1364 1801 1429 1867 εί
1493 1798 1570 1867 δὲ
1629 1796 1914 1887 ἡδονῆς,
1970 1800 2085 1867 καὶ
2145 1796 2313 1887 αῦτη

280 1901 696 1994 ἀδιάφορον,
758 1909 822 1974 εἰ
879 1903 955 1973 δὲ
1011 1908 1130 1990 τῆς
1187 1902 1456 1992 ἀρετῆς,
1515 1901 1852 1994 αὐτάρκης
1909 1903 2080 1993 αῦτη
2141 1928 2317 1994 προς

279 2009 745 2098 εὐδαιμονίαν.
833 2011 1313 2097 καταγέλαστοι
1375 2014 1481 2098 δέ,
1528 2030 1728 2099 φασι,
1782 2013 1895 2080 καὶ
1953 2015 2024 2081 οἱ
2073 2012 2313 2100 τρόποι

279 2121 403 2186 τοῦ
448 2120 815 2206 πορισμοῦ,
863 2112 1015 2186 οἷον
1062 2119 1132 2186 οἱ
1164 2114 1295 2186 ἀπὸ
1333 2121 1684 2204 βασιλέως,
1722 2126 1929 2187 εἴκειν
1965 2116 2096 2208 γὰρ
2132 2115 2313 2211 αὐτῷ

283 2221 533 2309 δεήσει,
568 2222 681 2291 καὶ
719 2225 792 2290 οί
822 2219 953 2291 άπὸ
992 2227 1240 2310 φιλίας,
1269 2221 1610 2310 λήμματος
1644 2222 1775 2312 γὰρ
1814 2221 2087 2312 ὤνιοςή
2118 2230 2312 2313 φιλία
2342 2253 2393 2293 15

282 2334 496 2415 ἔσται,
541 2330 655 2397 καὶ
701 2332 773 2397 οἱ
813 2326 943 2397 άπὸ
993 2332 1267 2415 σοφίας,
1320 2327 1776 2417 μισθαρνήσει
1820 2327 1948 2416 γὰρ
1994 2328 2037 2417 ή
2085 2337 2313 2417 σοφία.

279 2437 522 2503 τοῦτον
583 2432 705 2502 τὸν
759 2433 1159 2522 Χρύσιππόν
1211 2452 1423 2520 φασιν
1486 2425 1637 2520 ἦξαι
1703 2434 1809 2502 ἐπὶ
1873 2441 2314 2522 φιλοσοφίαν,

279 2542 399 2626 τῆς
444 2536 678 2619 οὐσίας
722 2535 935 2608 αὐτοῦ
980 2541 1098 2626 τῆς
1140 2537 1448 2631 πατρῴας
1492 2544 1589 2620 είς
1640 2538 1717 2609 τὸ
1754 2540 2108 2626 βασιλικὸν
2150 2540 2312 2611 άνα-

279 2649 674 2734 ληφθείσης.
1194 2734 1412 2815 Τέλος.

420 2873 694 2929 LXXVII.
751 2874 953 2929 Suidaa
996 2875 1173 2960 (haee
1210 2890 1319 2931 om.
1357 2874 1612 2931 Eudoeia
1654 2894 1710 2946 p.
1749 2878 1896 2947 43¹1).
2007 2876 2308 2935 LXXVIII.

277 2944 594 3016 Diog.V11,
627 2950 730 3000 188
765 2945 908 3014 φασὶ
943 2964 1055 3015 γαρ
1084 2976 1151 2986 -
1181 2940 1218 3015 ἡ
1246 2946 1425 3015 σοφία
1464 2951 1586 3016 189,
1695 2948 1902 3003 τοῦτον
1929 2980 1997 2990 --
2026 2948 2157 3007 exit.
2190 2955 2308 3007 181.

420 3074 456 3123 4
491 3069 783 3139 Χοίριλλος
816 3069 869 3122 Α
938 3070 1200 3139 Χοιρίλος
1233 3068 1386 3158 vulg.
1501 3076 1535 3125 8
1573 3066 1637 3125 ἐν
1675 3067 1741 3125 δὲ
1776 3070 1855 3146 τῷ
1894 3070 2142 3147 δευτέρῳ
2177 3073 2310 3143 περὶ

279 3139 563 3295 ἰίῖἕςοῖἷέ
597 3127 2120 3282 mffssfflnmffgssjssssnhflfffi⁰12⁰⁰303⁰5m05⁰31b3³
2118 3144 2310 3268 effigi

279 3273 602 3368 ἄδιαφορος
644 3280 927 3350 Diogenes
1040 3287 1107 3337 13
1145 3298 1287 3350 φασι
1336 3299 1443 3336 om.
1479 3281 1760 3352 Diogenes
1869 3288 1935 3338 19
1972 3283 2061 3337 Ad
2098 3284 2309 3340 calcem

284 3349 412 3406 add.
449 3350 497 3404 B
528 3346 790 3420 Ησυχίου
828 3355 1111 3422 Μιλησίου
1147 3352 1281 3421 περὶ
1322 3352 1435 3406 τῶν
1483 3348 1547 3407 ἐν
1590 3354 1826 3428 παιδείᾳ
1864 3351 2309 3425 διαλαμψάντων

277 3420 496 3490 σοφῶν.
