2646 3890
0 257 104 771 §-xo—zrwss.

0 3571 21 3859 m
0 2800 21 3553 amwmssw
0 1663 17 2785 maxwm———r
0 1469 15 1648 xm
0 1095 15 1444 *m*
0 1055 11 1069 a

88 3253 102 3262 ι

795 986 849 1059 I.
933 991 1028 1060 De
1084 989 1284 1062 libris
1340 991 1843 1080 manuscriptis,

439 1141 724 1209 Libellus
761 1140 913 1226 περὶ
950 1143 1087 1208 τῶν
1125 1142 1199 1208 ἐν
1242 1133 2068 1231 παιδείᾳδιαλαμψάντων
2098 1145 2333 1230 σοφῶν

306 1231 419 1315 qui
455 1231 662 1295 fertur
695 1229 994 1313 Hesychii
1026 1232 1269 1297 Milesii
1303 1232 1351 1295 1
1352 1232 1589 1298 austris
1638 1233 1862 1315 paucis
1901 1236 2195 1299 servatus
2233 1239 2334 1299 est

305 1319 660 1403 codicibus,
708 1341 983 1404 quorum
1029 1321 1519 1406 antiquissimus
1568 1324 1671 1385 est
1714 1320 1916 1387 codex

437 1409 907 1475 Laurentianus
960 1409 1157 1489 LIX,
1213 1409 1296 1475 37
1308 1460 1327 1493 ‚
1384 1409 1761 1475 chartaceus
1818 1431 1981 1476 saec.
2027 1409 2153 1475 XV
2199 1407 2332 1496 (B).

307 1495 560 1561 Tamen
605 1519 681 1561 ex
728 1518 804 1562 eo
860 1501 1126 1582 propter
1178 1498 1483 1563 vitiorum
1543 1498 2022 1563 multitudinem
2070 1498 2332 1564 lacuna*

305 1606 575 1670 rumque
647 1584 991 1650 numerum
1059 1587 1171 1652 vix
1245 1587 1591 1672 quicquam
1665 1586 1746 1651 ad
1810 1608 2048 1652 novam
2111 1591 2331 1653 textus

304 1674 742 1739 recensionem
793 1674 1039 1758 percipi
1085 1673 1381 1760 potestl)
1465 1674 1647 1740 Idem
1692 1676 1867 1740 valet
1912 1676 1990 1740 de
2037 1674 2255 1741 codice

435 1762 736 1828 Parisino
790 1763 968 1828 3025
1023 1785 1186 1828 saec.
1240 1762 1366 1829 XV
1412 1761 1551 1851 (O),
1605 1763 1787 1829 cuius
1844 1765 2201 1847 scripturae
2248 1765 2330 1830 ad

303 1850 592 1917 codicem
646 1851 710 1917 A
770 1853 865 1917 ita
921 1852 1261 1935 accedunt,
1325 1856 1400 1918 ut
1462 1853 1578 1917 uni
1632 1851 1922 1917 familiae
1985 1856 2331 1937 utrumque

301 1940 718 2007 tribuendum
775 1962 916 2008 esse
968 1964 1087 2027 pro
1144 1944 1320 2007 certo
1370 1941 1699 2007 adfirmari
1744 1940 1970 2026 possit.
2052 1939 2150 2006 De
2199 1964 2327 2027 quo

304 2031 560 2115 agimus
604 2025 809 2095 libelli
855 2031 1052 2096 codex
1090 2052 1235 2096 cum
1270 2031 1655 2095 terminetur
1691 2030 1963 2095 articulo
1995 2031 2328 2114 Δαφίὸας,

301 2119 411 2183 vix
460 2123 762 2205 quartam
810 2123 1027 2186 servat
1063 2119 1276 2202 operis
1313 2117 1952 2202 Pseudohesychiani
1998 2117 2328 2206 partem.²)

301 2206 527 2291 Neque
588 2208 933 2292 quicquam
999 2208 1302 2273 utilitatis
1372 2207 1651 2271 afferunt
1720 2210 2021 2291 excerpta
2084 2207 2326 2273 codicis

436 2294 1010 2361 PalatiniHeidelb.
1028 2296 1172 2379 129,
1201 2295 1527 2360 chartacei
1556 2316 1719 2368 saec.
1746 2293 1871 2359 XV
1901 2296 2211 2379 exeuntis,
2248 2296 2326 2361 de

304 2405 430 2469 quo
486 2384 859 2468 nuperrime
915 2383 1228 2469 singulari
1285 2406 1430 2449 cum
1483 2383 1803 2448 industria
1856 2382 1938 2448 H.
1994 2382 2324 2467 Hauptius

360 2570 371 2579 ·
453 2558 492 2627 ¹)
547 2555 669 2622 Quo
722 2557 869 2612 libro
926 2557 1284 2613 continentur
1344 2558 1511 2612 haec:
1579 2560 1630 2627 1)
1688 2555 1885 2611 Dionis
1941 2556 2327 2626 Chrysostomi

140 2619 183 2674 ᾤ
302 2629 574 2696 Troiana,
613 2629 766 2698 quod
802 2627 967 2683 Ilium
1001 2628 1231 2683 minime
1277 2629 1507 2698 captum
1552 2627 1649 2697 sit,
1716 2631 1770 2698 2)
1810 2627 2063 2682 eiusdem
2106 2628 2176 2682 de
2222 2645 2325 2683 suo

303 2698 478 2781 ipsius
507 2699 774 2756 audiendi
801 2699 1024 2781 studio&
1044 2702 1097 2767 3)
1125 2699 1196 2754 de
1227 2699 1627 2823 emmitssffi‘ffine
1657 2697 1897 2765 dicendi,
1944 2700 2001 2767 4)
2017 2698 2087 2752 de
2114 2698 2324 2782 pulcri-

299 2771 496 2896 ,Ἒῖἒῖῗ
509 2774 642 2910 ’μέ
678 2770 1221 2923 hussitis.
1237 2771 2325 2923 masiae.“32323120153552202312‘33

302 2912 483 2968 oratio
502 2913 872 2967 Paraenetlca
890 2915 950 2965 et
975 2911 1242 2966 adversus
1266 2912 1575 2981 sophistas,
1616 2913 1671 2980 ’1)
1689 2910 2006 2965 Polemonis
2034 2912 2323 2982 sophistae

297 3000 377 3039 or.
406 2983 576 3051 duae,
620 2986 681 3053 8)
704 2981 1016 3051 Hesychius
1035 2981 1322 3050 Milesius,
1370 2984 1423 3052 9)
1445 2986 1709 3052 excerpta
1736 2998 1805 3037 ex
1830 2980 1963 3036 vitis
1990 2980 2324 3036 Philostrati

300 3052 391 3122 (cf.
429 3054 856 3109 Montefalconii
889 3052 1034 3108 Bibl.
1071 3071 1126 3122 p.
1165 3057 1306 3121 359).
1677 3122 1690 3134 .
1968 3122 1980 3134 ·
2077 3105 2078 3108 ,
2217 3121 2230 3133 .
2303 3120 2317 3133 ·

442 3124 486 3207 ²)
524 3125 876 3193 Exemplaris
928 3124 1000 3179 ab
1036 3124 1230 3194 inepto
1269 3123 1478 3179 codicis
1512 3123 1755 3178 Parisini
1789 3124 2018 3179 librario
2057 3122 2321 3191 descripti

297 3212 610 3266 marginem
647 3196 973 3250 mutilatum
1008 3194 1180 3249 fuisse
1215 3195 1490 3250 nonnulla
1526 3194 1730 3250 docent
1754 3194 1993 3277 mendax
2013 3192 2173 3247 velut
2198 3210 2253 3260 p.
2282 3198 2319 3246 4

301 3264 392 3321 έλο
428 3283 532 3348 pro
571 3264 753 3337 τέλος,
786 3262 945 3334 Ἀλφέ
982 3284 1035 3335 p.
1069 3261 1327 3335 Ἀλφεόν,
1373 3283 1425 3334 p.
1466 3271 1498 3319 6
1539 3265 1565 3318 ἐ
1604 3260 1705 3319 τὸν
1740 3284 1796 3334 p.
1835 3261 1899 3318 δὲ
1937 3281 2036 3317 τον
2073 3261 2317 3330 aliaque.

299 3338 592 3405 (Pagmae,
641 3354 780 3405 quas
825 3336 1020 3405 affero,
1064 3352 1469 3405 usquequaque
1518 3333 1781 3390 editionis
1817 3331 2135 3387 Orellianae
2172 3335 2319 3400 sunt,

297 3406 366 3460 de
404 3407 610 3475 quibus
657 3409 725 3462 cf.
773 3407 1042 3476 indicem,
1089 3423 1199 3478 quo
1243 3405 1465 3462 numeri
1501 3405 1771 3461 Orelliani
1815 3403 2037 3471 meique
2074 3403 2221 3457 inter
2258 3420 2317 3457 se

297 3479 728 3548 comparantur.)
