2646 3890
1069 231 1502 296 ...45-

281 392 436 466 τοὺς
484 385 884 473 κινδύνους,
935 388 1047 456 καὶ
1100 390 1232 456 νῦν
1294 385 1465 474 ὑπὲρ
1526 393 1650 457 τοῦ
1703 362 2125 475 καθήκοντος
2183 387 2295 456 διὰ

279 499 484 579 φίλον
537 491 870 582 ὑπομενῶ.
952 498 1255 574 τοιοῦτος
1308 495 1385 563 δὲ
1442 492 1540 563 ὤν
1595 493 1775 582 ὅμως
1818 492 2139 582 ἐσκώφθη
2185 499 2295 563 καὶ

277 595 480 679 αὐτὸς
522 598 652 669 ὑπὸ
700 604 838 669 τών
881 604 1212 688 κωμικῶν.
1283 601 1678 688 Θεόπομπος
1720 605 1895 687 γοῦν
1942 621 2178 688 φησιν·

1001 726 1076 791 ἓν
1120 727 1249 813 γάρ
1299 725 1481 793 ἐστιν
1529 722 1690 793 οὐδὲ
1736 727 1842 811 ἔν,

317 826 411 898 τώ
457 827 534 896 δὲ
578 828 707 898 δύο
754 827 948 916 μόλις
992 831 1067 897 ἕν
1114 831 1326 915 ἐστιν,
1374 828 1465 910 ὥς
1509 849 1676 917 φησι
1721 830 2029 900 Πλάτων.
2322 853 2350 894 5

273 968 440 1039 ἀλλὰ
485 971 598 1038 καὶ
641 967 1187 1059 Ἀναξανδρίδης·

320 1092 430 1162 ὅτε
473 1093 592 1174 τὰς
636 1099 875 1181 μορίας
921 1099 1237 1183 ἔτρωγεν,
1285 1093 1507 1183 ὥσπερ
1554 1097 1665 1164 καὶ
1712 1095 2021 1165 Πλάτων.

274 1236 387 1303 καὶ
440 1241 665 1322 Τίμων
709 1242 1359 1326 παραγραμματίζων
1404 1237 1638 1307 αὐτόν·

319 1357 411 1441 ὥς
445 1358 806 1429 ἀνέπλαττε
843 1359 1135 1428 Πλάτων
1180 1358 1216 1429 ὁ
1262 1362 1693 1448 πεπλασμένα
1728 1360 2047 1448 θαύματα
2083 1362 2298 1442 εἰδώς.

254 1500 532 1582 ’Ἄλεξιςο
2327 1526 2379 1564 10

328 1629 422 1705 εἰς
465 1623 705 1712 καιρὸν
750 1622 960 1712 ἥκεις,
1008 1622 1099 1704 ὥς
1144 1624 1343 1711 ἔγωγ’
1396 1623 1825 1715 ἀπορουμένη

324 1726 465 1798 ἄνω
510 1729 689 1798 κάτω
736 1756 806 1799 τε
849 1729 1280 1817 περιπατοῦσ’
1299 1783 1318 1818 ,
1363 1730 1586 1822 ὥσπερ
1633 1733 1928 1802 Πλάτων

322 1834 542 1925 σοφὸν
588 1833 815 1905 οὐδέν’
866 1834 1090 1925 εὕρηκ’
1111 1889 1130 1924 ,
1177 1836 1350 1906 ἀλλὰ
1395 1842 1605 1907 κοπιῶ
1651 1838 1731 1907 τὰ
1777 1840 1993 1925 σκέλη.

273 1981 384 2048 καὶ
429 1978 631 2047 πάλιν
644 2001 659 2015 ·

324 2104 536 2189 λέγεις
578 2103 730 2194 περὶ
778 2094 877 2171 ὧν
924 2101 1048 2171 οὐκ
1095 2100 1331 2188 οἶσθα,
1379 2080 1718 2189 συγγενῶς
1760 2106 2013 2192 τρέχων
2331 2125 2382 2166 15

322 2208 697 2297 Πλάτωνι,
719 2211 830 2277 καὶ
875 2207 1104 2298 γνώσῃ
1150 2214 1382 2298 λίτρον
1425 2210 1538 2277 καὶ
1579 2208 1947 2298 κρόμμυον.

427 2360 461 2406 3
490 2349 552 2407 ἐν
573 2346 880 2422 Ἡδυχάρει
898 2348 1026 2405 add.
1055 2350 1360 2422 Diogenes.
1411 2350 1494 2405 Cf.
1511 2352 1772 2407 Meineke
1799 2352 1867 2419 ΙΙ,
1898 2359 1929 2406 2
1955 2370 2014 2422 Ρ.
2045 2358 2148 2407 ’196
2167 2369 2301 2422 seq„

282 2424 380 2492 qui
422 2422 695 2493 allegavit
737 2421 992 2476 Platonis
1037 2422 1322 2478 Phaedon.
1379 2428 1412 2489 ξ
1453 2429 1556 2478 104
1673 2427 1706 2477 5
1755 2421 1830 2476 τῶ
1877 2420 1943 2477 δὲ
1992 2419 2100 2484 δύο
2145 2422 2302 2479 ABa

280 2494 573 2564 Menagius
619 2491 846 2546 Grotius
926 2487 996 2545 τὰ
1043 2489 1109 2546 δὲ
1167 2492 1465 2549 Hfibnerus
1514 2492 1604 2548 Or.
1662 2492 1906 2548 Cobetus
1951 2494 2156 2549 Msiller
2238 2494 2300 2550 ἓν

282 2581 389 2621 om.
418 2564 526 2618 AB
637 2570 669 2618 6
695 2560 794 2618 Ἀν.
835 2558 899 2618 ἐν
939 2563 1123 2631 Θησεῖ
1148 2563 1432 2634 Diogenes
1542 2570 1573 2619 7
1611 2566 1814 2633 μωρίας
1847 2563 1899 2616 A
1971 2567 2185 2636 μωρίας
2212 2565 2303 2622 Ba

277 2636 431 2706 vulg.
471 2635 562 2690 Or.
644 2636 846 2704 μορίας
890 2648 1029 2688 corr.
1075 2633 1268 2689 Iunius
1313 2633 1612 2688 Hfibnerus
1650 2634 1891 2689 Cobetus
1928 2636 2133 2690 Mflller
2203 2638 2302 2692 καὶ

281 2724 388 2762 om.
425 2705 560 2761 libri
594 2704 833 2760 inseruit
867 2703 1221 2760 Hermannus
1262 2721 1502 2773 eumque
1540 2704 1717 2760 secuti
1754 2705 1998 2761 editzores
2036 2707 2303 2778 Diogenis

280 2772 310 2833 ὁ
351 2777 492 2832 coni.
540 2775 836 2846 Menagius
910 2771 1149 2843 ὡσπερεὶ
1197 2792 1339 2832 corr.
1384 2775 1644 2830 Meineke
1680 2777 1776 2844 111,
1813 2795 1869 2846 p.
1911 2783 2012 2832 170
2120 2785 2153 2833 9
2200 2774 2301 2833 ἆν-

284 2845 486 2903 έπλασε
515 2846 665 2901 ABa
699 2846 855 2916 vulg.
886 2846 979 2901 Or.
1052 2844 1363 2902 ἀνέπλαττε
1404 2863 1542 2903 corr.
1572 2845 1865 2917 Menagius
1892 2864 2002 2904 ree.
2031 2848 2301 2920 Diogenis

282 2917 526 2973 editores
545 2917 750 2971 Mffller
822 2914 852 2971 ὁ
872 2918 1238 2987 πεπλασμένα
1257 2933 1360 2988 pro
1380 2921 1541 2971 πεπλ.
1572 2934 1710 2973 corr.
1730 2917 1990 2972 Meineke
2016 2919 2079 2973 in
2095 2920 2299 2977 Aizhen.

281 2989 377 3058 XI,
401 3007 459 3059 Ρ.
488 2994 593 3044 505
621 2988 838 3058 recepit
862 2988 1253 3045 Waehsmuth.
1283 2988 1354 3042 de
1383 2987 1599 3044 Timon.
1628 2987 1835 3045 Phlius.
1864 3008 1920 3059 p.
1951 2996 2019 3045 68
2113 2998 2180 3045 10
2194 2987 2298 3046 ’‘Az.

284 3056 578 3130 Μερόπιδι
593 3059 891 3130 Diogenes.
965 3058 1047 3113 cf.
1075 3058 1359 3126 Meineke‚
1388 3076 1528 3115 eom.
1557 3060 1623 3113 fr.
1654 3059 1750 3124 ΠΙ,
1778 3077 1835 3129 Ρ.
1864 3065 1968 3115 451
2065 3069 2130 3115 11
2159 3056 2300 3117 ἄπο-

318 3129 566 3201 ονμένην
610 3130 655 3184 Β
769 3136 836 3184 13
881 3126 952 3184 τὰ
1001 3128 1167 3199 σκέλη
1211 3130 1347 3186 libri
1417 3125 1493 3184 τω
1541 3129 1708 3200 σκέλη
1746 3131 1988 3186 Cobetus
2099 3138 2166 3186 14
2202 3134 2302 3186 καὶ

285 3150 353 3258 ἓν
389 3204 701 3270 Αγκυλίωνι
726 3200 1025 3271 Diogenes,
1091 3199 1172 3255 Cf.
1201 3200 1460 3256 Meineke
1487 3201 1583 3269 ΙΙΙ,
1609 3219 1665 3270 Ρ.
1698 3206 1801 3256 882
1914 3208 1980 3257 15
2017 3204 2303 3271 συγγενῶς

284 3274 334 3327 A
368 3272 649 3342 Diogenes
691 3272 974 3342 flagitavit
1016 3271 1206 3326 Iunius
1294 3273 1603 3341 συγγενοῦς
1635 3270 1729 3326 Ba
1762 3272 1867 3342 (sic
1902 3271 2073 3325 BVH
2107 3272 2170 3325 in
2205 3289 2300 3341 ap-

279 3343 485 3413 paratu
528 3344 642 3412 W.)
767 3350 830 3398 16
875 3339 1062 3413 γνώσῃ
1107 3341 1240 3396 libri
1318 3339 1526 3412 γνώσει
1572 3341 1816 3398 Cobetus
1862 3342 2068 3397 Muller
2148 3344 2301 3409 λίξον

280 3414 380 3468 καὶ
414 3410 675 3484 κόμμκυον
711 3430 746 3468 a
814 3417 949 3483 λίτρ.
989 3413 1112 3483 (sed
1148 3430 1287 3469 corr.
1327 3429 1395 3467 ex
1429 3414 1605 3481 λέξον)
1640 3433 1690 3467 κ.
1729 3407 1985 3482 κόμμνον
2012 3411 2059 3465 Β
2132 3412 2298 3483 κρόμ-

278 3504 422 3555 μυον
460 3502 597 3540 corr.
637 3484 826 3539 Iunius
