2646 3890
1052 244 1575 325 ‚—38-

339 398 789 488 ἀνακάμπτων
837 398 1258 469 ἐπυνθάνετο
1305 403 1444 468 τῶν
1492 399 1843 485 ἐξιόντων,
1897 405 1973 468 τί
2010 408 2113 487 εἴη
2160 424 2371 486 παρα-

339 511 654 595 κείμενον
704 507 818 575 καὶ
872 511 1012 587 πῶς
1056 511 1197 594 ἔχοι
1240 509 1364 575 τοῦ
1411 505 1685 593 χρόνον.
1732 512 1795 574 εἰ
1842 506 1968 594 μὲν
2006 498 2133 575 οὖν
2167 505 2372 595 λαχά-

343 640 499 682 νιον
572 605 661 701 ἦν
733 610 776 702 ἢ
850 619 1183 703 ταρίχιον,
1255 610 1680 700 ἀνεχώρουν,
1754 619 1816 681 εἰ
1887 613 1963 682 δὲ
2030 611 2371 700 κρεάδιον,

343 719 674 809 εἰσῄεσαν.
772 711 861 806 ἦν
926 719 1004 789 δὲ
1066 724 1189 790 τοῦ
1253 719 1380 808 μὲν
1443 722 1694 809 θέρους
1757 725 2010 800 ψίαθος
2067 720 2175 788 ἐπὶ
2232 723 2372 788 τῶν

284 844 311 885 5
340 829 618 912 κλινῶν,
682 830 805 897 τοῦ
872 826 947 895 δὲ
1010 830 1338 915 χειμῶνος
1396 825 1682 913 κώδιον,
1741 825 2238 915 προκεφάλαιον
2301 825 2365 894 δ’

343 930 523 1026 αὑτῷ
570 935 804 1021 φέρειν
861 937 1016 1001 ἔδει.
1096 932 1173 1002 τὸ
1231 933 1307 1001 δὲ
1364 933 1857 1022 περιαγόμενον
1914 934 2239 1022 ποτήριον
2288 930 2372 1002 οὐ

339 1045 564 1126 μεῖζον
609 1045 1029 1125 κοτυλιαίου,
1074 1037 1381 1128 τράγημα
1425 1042 1680 1127 θέρμος
1715 1036 1758 1127 ἢ
1794 1039 2075 1127 κύαμος,
2111 1043 2252 1107 ἔστι
2300 1037 2363 1105 δ’

340 1142 450 1213 ὅτε
502 1145 615 1213 καὶ
670 1147 809 1214 τῶν
865 1142 1090 1232 ὡρίων
1145 1142 1343 1225 ἄπιος
1394 1140 1437 1230 ἢ
1495 1143 1621 1233 ροὰ
1675 1141 1718 1234 ἢ
1776 1137 1981 1233 ὦχροι
2024 1141 2067 1233 ἢ
2113 1143 2199 1231 νὴ
2248 1142 2365 1212 Δί’

340 1249 621 1339 ἰσχάδες.
704 1250 1089 1339 Λυκόφρων
1138 1251 1213 1319 δὲ
1259 1250 1522 1341 γράψας
1574 1250 1785 1320 αὐτοῦ
1832 1251 2164 1339 ἐγκώμιον
2218 1252 2370 1338 περὶ

260 1375 312 1415 10
338 1356 585 1426 τούτου
630 1364 869 1445 φησίν·

546 1469 636 1553 ὡς
682 1473 754 1540 ἐκ
797 1476 1113 1561 βραχείας
1158 1469 1392 1552 δαιτὸς
1435 1470 1476 1561 ἡ
1527 1471 1688 1560 βαιὰ
1734 1472 1923 1555 κύλιξ

541 1576 772 1659 αὐτοῖς
814 1587 1149 1649 κυκλεῖται
1194 1578 1364 1665 πρὸς
1408 1581 1682 1669 μέτρον·
1726 1579 2031 1667 τράγημα
2078 1579 2154 1646 δὲ

544 1682 580 1753 ὁ
631 1683 1098 1773 σωφρονιστὴς
1141 1698 1283 1764 τοῖς
1329 1685 1681 1773 φιληκόοις
1724 1687 1942 1772 λόγος.

340 1807 584 1876 τοῦτόν
657 1826 824 1894 φασι
896 1808 1215 1887 πολλάκις
1286 1806 1644 1897 τυράννων
1720 1810 2168 1895 ἐλευθερῶσαι
2241 1805 2367 1892 τὴν

259 1931 310 1973 15
340 1918 659 2003 πατρίδα,
706 1918 950 2002 φοιτᾶν
997 1917 1168 2002 γοῦν
1223 1916 1336 1984 καὶ
1381 1913 1549 2002 πρὸς
1596 1913 1987 2003 Ἀντίγονον
2040 1914 2153 1982 καὶ
2206 1912 2366 2000 βού-

336 2029 579 2094 λεσθαι
625 2023 1080 2110 ἐλευθερῶσαι
1114 2020 1321 2104 πάλιν
1358 2019 1592 2109 αὐτήν,
1637 2025 1759 2091 τοῦ
1808 2022 1884 2091 δὲ
1921 2021 2010 2109 μὴ
2047 2031 2368 2106 εἴκοντος,

335 2126 450 2197 ὑπ’
494 2125 791 2215 ἀθυμίας
826 2126 1236 2214 ἀσιτήσαντα
1274 2126 1434 2196 ἑπτὰ
1472 2125 1742 2214 ἡμερῶν
1777 2127 1899 2197 τὸν
1944 2133 2099 2214 βίον
2136 2135 2368 2215 μεταλ-

336 2233 549 2317 λάξαι.

1012 2323 1206 2390 XLV.
1273 2324 1698 2403 Μέλισσος.

516 2439 924 2519 Μέλισσος
963 2442 1174 2525 ἔλεγε,
1202 2436 1277 2507 τὸ
1315 2441 1452 2506 πᾶν
1486 2436 1766 2525 ἄπειρον
1806 2435 1979 2506 εἶναι
2015 2438 2127 2506 καὶ
2164 2435 2363 2506 ἀναλ-

481 2578 646 2637 XLV.
686 2580 851 2651 Diog.
889 2581 987 2651 IX,
1024 2587 1110 2637 24.

485 2730 512 2777 1
543 2717 931 2792 ἀνακάμπτων
962 2738 1070 2777 om.
1099 2722 1149 2775 A
1259 2726 1291 2774 2
1319 2717 1593 2790 λαχάνιον
1622 2751 1689 2759 -
1718 2721 1972 2788 ταρίχιον
1999 2717 2051 2771 A
2086 2718 2366 2789 Diogenes

340 2794 441 2863 (sie
475 2791 652 2847 VHG
687 2793 748 2847 in
785 2809 978 2863 appar.
1014 2791 1124 2861 W.,
1161 2788 1433 2861 λαχάνιον
1469 2786 1505 2861 ἢ
1544 2791 1831 2861 ταρείχιον
1865 2790 1933 2855 Β)
2005 2784 2075 2844 λά
2112 2809 2254 2844 ανον
2298 2821 2364 2830 -

338 2861 571 2932 τάριχον
617 2861 711 2916 Ba
751 2864 905 2934 vulg.
958 2863 1281 2918 Athenaeus
1411 2869 1443 2918 6
1489 2857 1552 2917 τὸ
1606 2859 1671 2916 δὲ
1718 2862 1769 2915 A
1857 2857 1921 2918 τό
1970 2880 2029 2916 τε
2135 2878 2170 2915 a
2213 2860 2367 2931 vulg.

341 2941 375 2989 8
411 2935 524 2989 τῶν
554 2928 738 3021 ὡρίων
766 2935 818 2987 Α
846 2936 1061 3003 (omnes
1087 2933 1221 2988 libri
1247 2932 1364 3002 W.)
1435 2934 1549 2987 τῶν
1585 2949 1691 2989 om.
1720 2931 1815 2986 Ba
1840 2932 1994 3003 vulg.
2069 2928 2177 3002 ῥόα
2212 2930 2369 2987 ABa

339 3006 491 3076 vulg.
532 3001 639 3074 ῥοα
678 3004 771 3060 Or.
808 3004 1138 3059 Huebnerus
1220 3001 1351 3074 ῥοιὰ
1392 3002 1635 3059 Cobetus
1661 3002 1867 3057 Mfiller
1900 3004 1968 3070 (F
2004 3002 2065 3057 in
2093 3018 2220 3084 app.
2250 3001 2365 3071 W.)

338 3072 667 3202 {2433}ss
694 3092 921 3215 ἲ..
933 3064 2370 3214 {¹222ss‘’xnizifffizz335505331042210225&

338 3218 559 3272 Nauck.
595 3187 737 3288 fra'g.
775 3220 921 3304 trag.
950 3234 1004 3285 p.
1035 3163 1186 3271 636p
1235 3223 1301 3271 12
1332 3233 1444 3285 seq.
1474 3211 1736 3286 τράγημα
1764 3212 1872 3285 γὰρ
1893 3211 1958 3270 Ὁ
1984 3211 2371 3285 σωφρονιστὴς

338 3288 517 3344 πᾶσιν
556 3284 620 3343 ἐν
648 3286 800 3360 μέσῳ
829 3291 993 3357 λογος
1019 3288 1340 3342 Athenaeus
1446 3292 1512 3341 14
1540 3286 1684 3357 φασὶ
1710 3283 1976 3349 πολλάκις
2001 3283 2296 3357 τύραννων
2316 3284 2369 3338 Α

337 3357 487 3424 φασὶ
522 3378 640 3428 τυρ.
678 3362 831 3414 πολλ.
871 3360 964 3413 Ba.
1000 3357 1152 3428 vulg.
1228 3357 1405 3427 φασὶν
1443 3357 1532 3413 Or.
1658 3362 1722 3412 15
1761 3358 1950 3427 φυτᾶν
1987 3359 2039 3411 A
2148 3364 2213 3411 17
2252 3351 2369 3411 ὑπὸ

344 3422 599 3495 ἀθυμίας
633 3430 686 3482 A
765 3423 866 3482 ὑπ’
908 3423 1167 3498 ἀθυμίας
1201 3428 1248 3481 Β
1333 3423 1427 3483 ἐπ’
1470 3424 1728 3499 ἀθυμίας
1763 3445 1799 3483 a
1842 3429 1995 3499 vulg.
2035 3428 2126 3485 Or.
2164 3427 2373 3482 Mfiller

342 3491 572 3571 ἀθυμίᾳ
607 3497 886 3568 Diogenes
998 3506 1062 3554 17
1101 3495 1203 3554 τὸν
1241 3501 1368 3572 βίον
1404 3497 1750 3568 κατέστρεψε
1788 3497 2068 3569 Diogenes
