2646 3890
1138 217 1579 283 -34.-..

346 375 613 461 πρῶτον
669 371 1022 459 κάθυγρον
1077 373 1189 441 καὶ
1243 377 1581 460 πηλῶδες,
1643 376 2063 463 ξηρανθέντα
2130 374 2206 443 δὲ
2258 376 2372 443 ’καὶ

342 477 836 567 περιφερόμενα
872 478 1003 547 σὺν
1040 482 1121 568 τῇ
1157 482 1280 549 τοῦ
1319 478 1485 550 ὅλου
1517 484 1703 570 δίνῃ,
1740 478 1860 549 εἶτ’
1894 482 2372 567 ἐκπυρωθέντα

330 580 466 668 ’τὴν
511 586 647 650 τῶν
693 581 962 671 ἄστρων
1006 582 1397 654 ἀποτελέσαι
1432 586 1665 673 φύσιν.
1746 584 1922 655 εἶναι
1961 586 2037 655 δὲ
2078 586 2204 656 τὸν
2248 591 2373 656 τοῦ

343 684 544 773 ἡλίου
588 682 838 759 κύκλον
884 688 1234 777 ἐξώτατον,
1277 690 1403 759 τὸν
1439 691 1517 760 δὲ
1550 695 1668 779 τῆς
1704 691 1988 779 σελήνης
2022 692 2370 779 προσγειό-

288 816 314 856 5
342 819 576 881 τατον,
621 798 758 864 τῶν
802 793 1028 864 ἄλλων
1074 799 1319 884 μεταξὺ
1364 797 1626 867 τούτων
1672 798 1910 868 ὄντων.
1982 799 2096 866 καὶ
2152 797 2371 867 πάντα

343 899 469 986 μὲν
513 899 595 969 τὰ
640 899 852 991 ἄστρα
885 906 1275 988 πυροῦσθαι
1315 901 1430 970 διὰ
1466 902 1541 972 τὸ
1578 903 1778 992 τάχος
1811 907 1928 992 τῆς
1964 908 2211 993 φορᾶς,
2246 902 2370 973 τὸν

345 1006 421 1074 δὲ
465 1004 663 1093 ἥλιον
708 1010 821 1076 καὶ
864 1005 996 1076 ὑπὸ
1041 1012 1180 1078 τῶν
1224 1006 1528 1099 ἀστέρων
1584 1013 2076 1100 ἐκπυροῦσθαι,
2120 1009 2244 1099 τὴν
2293 1010 2369 1080 δὲ

342 1112 635 1200 σελήνην
683 1111 916 1200 ὀλίγον
972 1118 1094 1183 τοῦ
1138 1113 1352 1204 πυρὸς
1406 1117 1960 1204 μεταλαμβάνειν.
2043 1120 2368 1186 ἐκλείπειν

342 1219 418 1288 δὲ
481 1217 675 1306 ἥλιον
733 1220 846 1288 καὶ
904 1219 1196 1309 σελήνην
1264 1225 1358 1314 τῷ
1419 1228 1768 1292 κεκλίσθαι
1821 1222 1946 1310 τὴν
2015 1228 2146 1311 γῆν
2199 1221 2369 1312 πρὸς

262 1347 314 1386 10
341 1330 779 1414 μεσημβρίαν.
842 1324 924 1394 τὰ
969 1327 1047 1396 δὲ
1089 1326 1258 1417 πρὸς
1301 1327 1552 1415 ἄρκτον
1596 1328 1710 1397 ἀεί
1746 1357 1817 1398 τε
1873 1337 2198 1417 νίφεσθαι
2251 1330 2365 1397 καὶ

339 1431 731 1520 κατάψυχρα
785 1429 961 1501 εἶναι
1023 1434 1137 1501 καὶ
1181 1434 1593 1522 πήγνυσθαι.
1672 1438 1785 1506 καὶ
1828 1435 1950 1507 τὸν
1996 1435 2120 1525 μὲν
2166 1434 2363 1523 ἥλιον

341 1541 666 1608 ἐκλείπειν
722 1545 1051 1628 σπανίως,
1106 1539 1230 1628 τὴν
1278 1543 1356 1611 δὲ
1410 1542 1701 1631 σελήνην
1748 1549 2075 1633 συνεχῶς,
2133 1540 2245 1612 διὰ
2290 1540 2366 1611 τὸ

341 1646 620 1726 ἀνίσους
673 1642 848 1713 εἶναι
898 1645 1062 1727 τοὺς
1115 1647 1404 1728 κύκλους
1462 1647 1703 1720 αὐτῶν.
1796 1649 1978 1720 εἷναί
2022 1677 2092 1719 τε
2142 1647 2363 1736 ὥσπερ

340 1753 632 1838 γενέσεις
674 1751 964 1839 κόσμου,
1012 1751 1188 1821 οὕτω
1233 1756 1347 1823 καὶ
1393 1753 1702 1842 αὐξήσεις
1744 1758 1855 1825 καὶ
1894 1763 2167 1844 φθίσεις
2200 1755 2368 1824 κατά

263 1875 312 1916 15
339 1884 494 1928 τινα
538 1855 875 1944 ἀνάγκην,
919 1855 1034 1947 ἥν,
1081 1855 1282 1928 ὁποία
1330 1861 1533 1948 ἐστίν,
1580 1859 1665 1930 οὗ
1714 1864 2047 1951 διασαφεῖ.

953 2039 1188 2107 XLIV.
1254 2042 1745 2127 Μενέδημος.

519 2168 607 2230 Μ
609 2189 639 2231 ε
651 2189 693 2230 ν
705 2163 742 2229 έ
749 2166 841 2248 δη
854 2189 901 2249 μ
912 2188 947 2229 o
962 2188 996 2240 ς
1050 2159 1086 2229 ὁ
1138 2159 1506 2248 Ἐρετριεὺς
1536 2190 1539 2193 ’
1564 2160 2026 2251 ἀρχιτέκτονος
2068 2165 2216 2246 υίὸς
2260 2158 2367 2252 ἦν,

342 2266 510 2338 ὅθεν
573 2267 961 2358 γράψαντος
1023 2264 1236 2335 αὐτοῦ
1298 2266 1614 2356 ψήφισμά
1676 2296 1740 2338 τι
1750 2320 1771 2356 ,
1846 2270 2204 2357 καθήψατό
2266 2298 2369 2351 τις

482 2409 679 2497 ΧΒΞἿ.
727 2408 894 2499 Diog.
939 2408 1013 2478 II,
1063 2413 1346 2465 125-134
1384 2406 1448 2465 ἐν
1483 2408 1550 2466 δὲ
1588 2418 1713 2498 ταῖς
1750 2410 2042 2499 ζητήσεσιν
2082 2443 2147 2454 -—
2189 2407 2369 2499 ἀπῄει

345 2488 465 2552 136,
549 2501 695 2536 ουτω
733 2478 798 2535 δὲ
836 2498 983 2551 ησαν
1011 2510 1082 2521 -
1108 2483 1347 2549 γυναικί
1378 2488 1499 2552 137,
1580 2503 1651 2537 τα
1682 2480 1746 2537 δὲ
1785 2500 2070 2553 συμποσια
2100 2515 2167 2523 -
2203 2488 2368 2552 λογος

343 2559 464 2622 139,
535 2553 740 2607 τοῦτον
778 2583 846 2592 -
882 2553 1131 2622 πατρίδα
1171 2558 1291 2621 143,
1385 2554 1595 2622 φοιτᾶν
1632 2586 1701 2595 —-
1740 2554 1869 2609 exit.
1910 2559 2029 2610 142.

489 2702 518 2749 1
555 2696 811 2766 πηλῶδες
847 2695 898 2748 A
932 2694 1217 2766 Diogenes
1252 2696 1468 2764 (omnes
1504 2694 1640 2750 libri
1665 2693 1779 2763 W.)
1815 2694 2021 2750 Mtiller
2093 2695 2370 2757 σπιλῶδες

338 2766 434 2821 Ba
467 2766 621 2837 vulg.
731 2773 764 2821 3
803 2761 1056 2837 ἀστέρων
1084 2765 1365 2835 Diogenes
1437 2762 1543 2834 τὴν
1578 2766 1681 2820 we
1710 2761 1873 2833 ἡλίου
1901 2765 1952 2818 A
2058 2771 2091 2821 5
2129 2762 2263 2829 τοὺς
2298 2763 2365 2820 δὲ

339 2839 453 2892 τῶν
494 2832 678 2892 ἄλλων
713 2833 926 2907 μεταξὺ
952 2834 1168 2894 τούτων
1196 2835 1497 2906 Diogenes,
1519 2836 1756 2905 excepta
1776 2835 1863 2891 ed.
1884 2835 2138 2907 Froben„
2164 2837 2229 2892 in
2255 2853 2371 2907 qua

340 2907 553 2978 legitur
586 2909 700 2961 τῶν
736 2904 921 2963 ἄλλων
949 2904 1161 2979 μεταξὺ
1189 2902 1407 2963 τούτων
1516 2914 1549 2963 8
1581 2903 1832 2963 ἐκλίπειν
1859 2924 1895 2962 a
1958 2904 2241 2963 ἐκλείπειν
2270 2923 2365 2962 am

344 2985 413 3034 10
449 2974 591 3046 πρὸς
636 2974 844 3044 ἄρκτον
879 2978 932 3032 Α
969 2982 1027 3034 eiz
1058 2980 1121 3034 in
1165 2977 1420 3049 Diogene
1457 2979 1787 3034 Huebnerus
1858 2974 2000 3048 πρὸς
2048 2975 2236 3052 ἄρκτῳ
2275 2978 2371 3033 Ba

341 3051 495 3120 vulg.
534 3048 782 3104 Cobetus
894 3056 959 3104 11
998 3049 1098 3104 καὶ
1132 3046 1234 3105 τὸν
1263 3048 1368 3119 μὲν
1395 3045 1557 3119 ἥλιον
1582 3051 1634 3103 Α
1670 3048 1954 3120 Diogenes
1981 3049 2063 3118 (in
2090 3050 2371 3138 apssaratu

341 3120 460 3176 W.:
498 3117 600 3175 τὸν
689 3117 751 3175 ὲν
787 3114 950 3189 ἥλιον
996 3122 1098 3178 FB
1176 3117 1277 3175 τὸν
1314 3118 1419 3190 μὲν
1458 3114 1544 3175 ὅτι
1705 3120 1910 3177 MiiUer
1988 3119 2088 3175 καὶ
2135 3140 2238 3176 τον
2277 3120 2373 3176 Ba.

340 3192 494 3261 vulg.
570 3211 644 3246 κα
704 3208 814 3247 om.
854 3191 946 3247 Or.
1056 3198 1124 3246 13
1163 3188 1320 3247 εἷναί
1348 3211 1409 3246 τε
1439 3191 1593 3246 ABa
1680 3191 1911 3262 iogenes
1984 3187 2135 3247 εἶναι
2171 3189 2235 3247 δὲ
2276 3191 2367 3246 Or.

345 3268 414 3316 14
452 3263 687 3329 φθίσεις
730 3262 830 3316 καὶ
877 3259 1110 3332 φθορὰς
1155 3262 1436 3333 Diogenes
1473 3262 1679 3316 Mfiller
1798 3268 1865 3318 15
1903 3256 1972 3317 οὗ
2010 3264 2293 3332 διασαφεῖ
2318 3262 2370 3315 Α

342 3331 599 3386 nonnul-li
635 3332 905 3402 Diogenis
941 3332 1076 3387 libri
1108 3334 1315 3388 Mfiller
1386 3328 1456 3388 οὗ
1486 3350 1598 3388 om.
1625 3333 1721 3387 Ba
1743 3333 1902 3405 vulg.
1931 3334 2061 3402 (BH
2087 3335 2148 3388 in
2175 3346 2369 3420 appar.

344 3395 458 3469 W.)
572 3408 639 3455 16
675 3402 905 3456 Mflller:
953 3402 1099 3459 adde
1136 3420 1168 3459 e
1204 3404 1371 3473 Diog.
1420 3401 1481 3458 οῖ
1512 3401 1576 3457 δὲ
1614 3404 1716 3458 καὶ
1751 3401 2152 3475 σκηνογράφον
2189 3399 2372 3458 αυτὸν

345 3467 506 3525 εἶναί
539 3487 682 3539 φασι
719 3472 819 3525 καὶ
854 3477 1068 3542 μαθεῖν
1108 3469 1352 3545 ἑκάτερα
1387 3472 1489 3529 τὸν
1527 3472 1874 3545 Μενέδημον
